@misc{survival-package,
    title = {{A Package for Survival Analysis in S}},
    year = {2015},
    author = {Therneau, Terry M},
    url = {http://cran.r-project.org/package=survival}
}

@book{survival-book,
    title = {{Modeling Survival Data: Extending the {\{}C{\}}ox Model}},
    year = {2000},
    author = {{Terry M. Therneau} and {Patricia M. Grambsch}},
    publisher = {Springer},
    address = {New York},
    isbn = {0-387-98784-3}
}

@inproceedings{Hines2008ANetworks,
    title = {{A Centrality Measure for Electrical Networks}},
    year = {2008},
    booktitle = {Proceedings of the 41st Annual Hawaii International Conference on System Sciences (HICSS 2008)},
    author = {Hines, Paul and Blumsack, Seth},
    month = {1},
    pages = {185--185},
    publisher = {IEEE},
    url = {http://ieeexplore.ieee.org/document/4438889/},
    doi = {10.1109/HICSS.2008.5}
}

@article{Hengdao2017ASystem,
    title = {{A critical review of cascading failure analysis and modeling of power system}},
    year = {2017},
    journal = {Renewable and Sustainable Energy Reviews},
    author = {Hengdao, Guo and Zheng, Ciyan and Ho-Ching lu, Herbert and Fernando, Tyrone},
    month = {12},
    pages = {9--22},
    volume = {80},
    publisher = {Pergamon},
    url = {http://www.sciencedirect.com.libproxy.ucl.ac.uk/science/article/pii/S1364032117308432},
    doi = {10.1016/J.RSER.2017.05.206}
}

@article{Cuadra2015AConcepts,
    title = {{A Critical Review of Robustness in Power Grids Using Complex Networks Concepts}},
    year = {2015},
    journal = {Energies},
    author = {Cuadra, Lucas and Salcedo-Sanz, Sancho and Del Ser, Javier and Jim{\'{e}}nez-Fern{\'{a}}ndez, Silvia and Geem, Zong},
    number = {9},
    month = {8},
    pages = {9211--9265},
    volume = {8},
    publisher = {Multidisciplinary Digital Publishing Institute},
    url = {http://www.mdpi.com/1996-1073/8/9/9211/},
    doi = {10.3390/en8099211},
    issn = {1996-1073},
    keywords = {complex network, power grid, robustness}
}

@article{Freund1997ABoosting,
    title = {{A Decision-Theoretic generalization of on-line learning and an application to boosting}},
    year = {1997},
    journal = {Journal of Computer and System Sciences},
    author = {Freund, Yoav and Schapire, Robert E},
    number = {1},
    month = {1},
    pages = {119--139},
    volume = {55},
    publisher = {Elsevier BV},
    doi = {10.1006/jcss.1997.1504},
    issn = {0022-0000}
}

@article{He2015ANetwork,
    title = {{A fast algorithm for community detection in temporal network}},
    year = {2015},
    journal = {Physica A: Statistical Mechanics and its Applications},
    author = {He, Jialin and Chen, Duanbing},
    month = {1},
    pages = {87--94},
    volume = {429},
    publisher = {Elsevier},
    url = {http://www.sciencedirect.com/science/article/pii/S0378437115001922},
    doi = {10.1016/j.physa.2015.02.069}
}

@article{Lance1967ASystems,
    title = {{A general theory of classificatory sorting strategies: 1. Hierarchical systems}},
    year = {1967},
    journal = {The Computer Journal},
    author = {Lance, G N and Williams, W T},
    number = {4},
    month = {1},
    pages = {373--380},
    volume = {9},
    publisher = {Oxford University Press (OUP)},
    doi = {10.1093/comjnl/9.4.373},
    issn = {0010-4620}
}

@misc{Orr2017ACrisis,
    title = {{A joined-up approach to resolving the UK housing crisis}},
    year = {2017},
    booktitle = {New statesman},
    author = {Orr, David},
    month = {2},
    url = {http://www.newstatesman.com/politics/uk/2017/02/joined-approach-resolving-uk-housing-crisis}
}

@article{Barlacchi2015ATrentino.,
    title = {{A multi-source dataset of urban life in the city of Milan and the Province of Trentino.}},
    year = {2015},
    journal = {Scientific Data},
    author = {Barlacchi, Gianni and De Nadai, Marco and Larcher, Roberto and Casella, Antonio and Chitic, Cristiana and Torrisi, Giovanni and Antonelli, Fabrizio and Vespignani, Alessandro and Pentland, Alex and Lepri, Bruno},
    pages = {150055},
    volume = {2},
    url = {http://www.pubmedcentral.nih.gov/articlerender.fcgi?artid=4622222&tool=pmcentrez&rendertype=abstract},
    doi = {10.1038/sdata.2015.55},
    issn = {2052-4463},
    pmid = {26528394}
}

@article{HalappanavarANetworks,
    title = {{A Network-of-Networks Model for Electrical Infrastructure Networks}},
    author = {Halappanavar, Mahantesh and Cotilla-Sanchez, Eduardo and Hogan, Emilie and Duncan, Daniel and Huang, Zhenyu and Hines, Paul DH},
    url = {https://arxiv.org/pdf/1512.01436.pdf}
}

@phdthesis{Barnett2013ACommunities,
    title = {{A Place in the Country:  The Contribution of Second Homes to North Devon Communities}},
    year = {2013},
    author = {Barnett, Jenny Elizabeth},
    month = {8},
    publisher = {University of Exeter},
    url = {https://ore.exeter.ac.uk/repository/handle/10871/14821},
    school = {University of Exeter}
}

@article{Neaimeh2015AImpacts,
    title = {{A probabilistic approach to combining smart meter and electric vehicle charging data to investigate distribution network impacts}},
    year = {2015},
    journal = {Applied Energy},
    author = {Neaimeh, Myriam and Wardle, Robin and Jenkins, Andrew M and Yi, Jialiang and Hill, Graeme and Lyons, Padraig F and H{\"{u}}bner, Yvonne and Blythe, Phil T and Taylor, Phil C},
    month = {1},
    pages = {688--698},
    volume = {157},
    publisher = {Elsevier},
    url = {http://www.sciencedirect.com/science/article/pii/S0306261915001944},
    doi = {10.1016/j.apenergy.2015.01.144}
}

@article{Kirschen2004AStress,
    title = {{A Probabilistic Indicator of System Stress}},
    year = {2004},
    journal = {IEEE Transactions on Power Systems},
    author = {Kirschen, D.S. and Jayaweera, D. and Nedic, D.P. and Allan, R.N.},
    number = {3},
    month = {8},
    pages = {1650--1657},
    volume = {19},
    url = {http://ieeexplore.ieee.org/document/1318705/},
    doi = {10.1109/TPWRS.2004.831665},
    issn = {0885-8950}
}

@article{Warren2014AUK,
    title = {{A review of demand-side management policy in the UK}},
    year = {2014},
    journal = {Renewable and Sustainable Energy Reviews},
    author = {Warren, Peter},
    month = {1},
    pages = {941--951},
    volume = {29},
    publisher = {Elsevier BV},
    doi = {10.1016/j.rser.2013.09.009},
    issn = {1364-0321}
}

@techreport{SevlianAAggregation,
    title = {{A scaling law of short term electricity load forecasting on varying levels of aggregation}},
    author = {Sevlian, Raffi and Rajagopal, Ram},
    url = {http://web.stanford.edu//raffi_sevlian_papers/AggTPS2014.pdf}
}

@article{Watts2002ANetworks.,
    title = {{A simple model of global cascades on random networks.}},
    year = {2002},
    journal = {Proceedings of the National Academy of Sciences of the United States of America},
    author = {Watts, Duncan J},
    number = {9},
    month = {4},
    pages = {5766--71},
    volume = {99},
    publisher = {National Academy of Sciences},
    url = {http://www.ncbi.nlm.nih.gov/pubmed/16578874 http://www.pubmedcentral.nih.gov/articlerender.fcgi?artid=PMC122850},
    doi = {10.1073/PNAS.082090499},
    issn = {0027-8424},
    pmid = {16578874}
}

@misc{2017ACrisis,
    title = {{A solid start to tackling Britain’s housing crisis}},
    year = {2017},
    booktitle = {Financial Times},
    url = {https://www.ft.com/content/4df28b50-ed40-11e6-ba01-119a44939bb6?mhq5j=e2}
}

@article{Yu2016AGrids,
    title = {{A sparse coding approach to household electricity demand forecasting in smart Grids}},
    year = {2016},
    journal = {IEEE Transactions on Smart Grid},
    author = {Yu, Chun-Nam and Mirowski, Piotr and Ho, Tin Kam},
    pages = {1--11},
    publisher = {Institute of Electrical {\&} Electronics Engineers (IEEE)},
    doi = {10.1109/tsg.2015.2513900},
    issn = {1949-3053}
}

@article{Wu2017AMeasures,
    title = {{A study of the impacts of flow direction and electrical constraints on vulnerability assessment of power grid using electrical betweenness measures}},
    year = {2017},
    journal = {Physica A: Statistical Mechanics and its Applications},
    author = {Wu, Di and Ma, Feng and Javadi, Milad and Thulasiraman, Krishnaiya and Bompard, Ettore and Jiang, John N.},
    pages = {295--309},
    volume = {466},
    url = {http://www.sciencedirect.com/science/article/pii/S0378437116306458},
    doi = {10.1016/j.physa.2016.09.029},
    issn = {03784371}
}

@article{2017AMeasures,
    title = {{A study of the impacts of flow direction and electrical constraints on vulnerability assessment of power grid using electrical betweenness measures}},
    year = {2017},
    journal = {Physica A: Statistical Mechanics and its Applications},
    month = {1},
    pages = {295--309},
    volume = {466},
    publisher = {North-Holland},
    url = {http://www.sciencedirect.com/science/article/pii/S0378437116306458},
    doi = {10.1016/J.PHYSA.2016.09.029},
    issn = {0378-4371}
}

@article{Eppstein2012AFailure,
    title = {{A “Random Chemistry” Algorithm for Identifying Collections of Multiple Contingencies That Initiate Cascading Failure}},
    year = {2012},
    journal = {IEEE Transactions on Power Systems},
    author = {Eppstein, Margaret J. and Hines, Paul D. H.},
    number = {3},
    month = {8},
    pages = {1698--1705},
    volume = {27},
    url = {http://ieeexplore.ieee.org/document/6152191/},
    doi = {10.1109/TPWRS.2012.2183624},
    issn = {0885-8950}
}

@article{Pahwa2015AbruptnessGrids,
    title = {{Abruptness of Cascade Failures in Power Grids}},
    year = {2015},
    journal = {Scientific Reports},
    author = {Pahwa, Sakshi and Scoglio, Caterina and Scala, Antonio},
    number = {1},
    month = {5},
    pages = {3694},
    volume = {4},
    publisher = {Nature Publishing Group},
    url = {http://www.nature.com/articles/srep03694},
    doi = {10.1038/srep03694},
    issn = {2045-2322},
    keywords = {Complex networks, Electrical and electronic engineering}
}

@article{Che2012AnForecasting,
    title = {{An adaptive fuzzy combination model based on self-organizing map and support vector regression for electric load forecasting}},
    year = {2012},
    journal = {Energy},
    author = {Che, Jinxing and Wang, Jianzhou and Wang, Guangfu},
    number = {1},
    month = {1},
    pages = {657--664},
    volume = {37},
    publisher = {Pergamon},
    url = {https://www-sciencedirect-com.libproxy.ucl.ac.uk/science/article/pii/S0360544211006931},
    doi = {10.1016/J.ENERGY.2011.10.034},
    issn = {0360-5442}
}

@article{Ha2015AnBlogosphere,
    title = {{An analysis on information diffusion through BlogCast in a blogosphere}},
    year = {2015},
    journal = {Information Sciences},
    author = {Ha, Jiwoon and Kim, Sang-Wook and Faloutsos, Christos and Park, Sunju},
    month = {1},
    pages = {45--62},
    volume = {290},
    publisher = {Elsevier BV},
    doi = {10.1016/j.ins.2014.08.042},
    issn = {0020-0255}
}

@article{Wang2011AnLoad,
    title = {{An electrical betweenness approach for vulnerability assessment of power grids considering the capacity of generators and load}},
    year = {2011},
    journal = {Physica A: Statistical Mechanics and its Applications},
    author = {Wang, Kai and Zhang, Bu-Han and Zhang, Zhe and Yin, Xiang-gen and Wang, Bo},
    number = {23-24},
    month = {11},
    pages = {4692--4701},
    volume = {390},
    publisher = {North-Holland},
    url = {http://www.sciencedirect.com/science/article/pii/S0378437111005784},
    doi = {10.1016/J.PHYSA.2011.07.031}
}

@article{Nellis1981AnKingdom,
    title = {{An empirical analysis of the determination of house prices in the United Kingdom}},
    year = {1981},
    journal = {Urban Studies},
    author = {Nellis, Joseph and Longbottom, J Andrew},
    number = {1},
    month = {1},
    pages = {9--21},
    volume = {18},
    publisher = {SAGE Publications},
    doi = {10.1080/00420988120080021},
    issn = {0042-0980}
}

@article{2013AnFailures,
    title = {{An entropy-based metric to quantify the robustness of power grids against cascading failures}},
    year = {2013},
    journal = {Safety Science},
    month = {11},
    pages = {126--134},
    volume = {59},
    publisher = {Elsevier},
    url = {http://www.sciencedirect.com.libproxy.ucl.ac.uk/science/article/pii/S0925753513001215},
    doi = {10.1016/J.SSCI.2013.05.006},
    issn = {0925-7535}
}

@article{2014AnFeatures,
    title = {{An improved framework for power grid vulnerability analysis considering critical system features}},
    year = {2014},
    journal = {Physica A: Statistical Mechanics and its Applications},
    month = {2},
    pages = {405--415},
    volume = {395},
    publisher = {North-Holland},
    url = {http://www.sciencedirect.com/science/article/pii/S0378437113010017?_rdoc=1&_fmt=high&_origin=gateway&_docanchor=&md5=b8429449ccfc9c30159a5f9aeaa92ffb&dgcid=raven_sd_recommender_email},
    doi = {10.1016/J.PHYSA.2013.10.029},
    issn = {0378-4371}
}

@article{Efron1993AnBootstrap,
    title = {{An introduction to the bootstrap}},
    year = {1993},
    journal = {Refrigeration And Air Conditioning},
    author = {Efron, B and Tibshirani, R J},
    isbn = {0412042312},
    doi = {10.1111/1467-9639.00050},
    issn = {04120423},
    pmid = {2049363},
    arxivId = {arXiv:1011.1669v3}
}

@article{Soltan2017AnalysisGrids,
    title = {{Analysis of failures in power grids}},
    year = {2017},
    journal = {IEEE Transactions on Control of Network Systems},
    author = {Soltan, Saleh and Mazauric, Dorian and Zussman, Gil},
    doi = {10.1109/TCNS.2015.2498464},
    issn = {23255870},
    keywords = {Cascading failures, power grid, pseudoinverse}
}

@article{BompardAnalysisGrids,
    title = {{Analysis of structural vulnerabilities in power transmission grids}},
    author = {Bompard, Ettore and Napoli, Roberto and Xue, Fei},
    url = {www.sciencedirect.com www.elsevier.com/locate/ijcip},
    doi = {10.1016/j.ijcip.2009.02.002},
    keywords = {Complex networks, Degree, Entropy, PTDF, Power grid, Power system security, Topological vulnerabilities}
}

@techreport{Lee2016AnalysisContents,
    title = {{Analysis of the Cyber Attack on the Ukrainian Power Grid Table of Contents}},
    year = {2016},
    author = {Lee, Robert M. and Assante, Michael J. and Conway, Tim},
    url = {https://ics.sans.org/media/E-ISAC_SANS_Ukraine_DUC_5.pdf},
    institution = {E-ISAC}
}

@article{Himmelberg2005AssessingMisperceptions,
    title = {{Assessing high house prices: Bubbles, fundamentals, and misperceptions}},
    year = {2005},
    author = {Himmelberg, Charles and Mayer, Christopher and Sinai, Todd},
    month = {1},
    publisher = {NBER},
    url = {http://www.nber.org/papers/w11643}
}

@article{Broomby2016AssessingLAKE,
    title = {{Assessing the Impacts of Holiday Home Ownership upon Housing Markets in the Lake District National Park HOUSING MARKETS IN THE LAKE}},
    year = {2016},
    author = {Broomby, Jenny},
    number = {November},
    doi = {10.13140/RG.2.2.30101.93928}
}

@article{Bollom1978AttitudesWales.,
    title = {{Attitudes and second homes in rural Wales.}},
    year = {1978},
    journal = {Attitudes and second homes in rural Wales.},
    author = {Bollom, C.},
    publisher = {University of Wales.},
    url = {https://www.cabdirect.org/cabdirect/abstract/19791858276}
}

@article{Tonda2012BayesianEvolution,
    title = {{Bayesian network structure learning from limited Datasets through graph evolution}},
    year = {2012},
    journal = {Lecture Notes in Computer Science},
    author = {Tonda, Alberto Paolo and Lutton, Evelyne and Reuillon, Romain and Squillero, Giovanni and Wuillemin, Pierre-Henri},
    pages = {254--265},
    publisher = {Springer Science + Business Media},
    isbn = {9783642291388},
    doi = {10.1007/978-3-642-29139-5{\_}22},
    issn = {0302-9743}
}

@book{Barber2012BayesianLearning,
    title = {{Bayesian reasoning and machine learning}},
    year = {2012},
    author = {Barber, David},
    month = {1},
    publisher = {Cambridge University Press},
    address = {Cambridge},
    isbn = {9780521518147}
}

@article{Diamantoulakis2015BigGrids,
    title = {{Big data Analytics for dynamic energy management in smart Grids}},
    year = {2015},
    journal = {Big Data Research},
    author = {Diamantoulakis, Panagiotis D and Kapinas, Vasileios M and Karagiannidis, George K},
    number = {3},
    month = {1},
    pages = {94--101},
    volume = {2},
    publisher = {Elsevier BV},
    doi = {10.1016/j.bdr.2015.03.003},
    issn = {2214-5796}
}

@misc{Oehlschlgel2014Bit:Booleans,
    title = {{bit: A class for vectors of 1-bit booleans}},
    year = {2014},
    author = {Oehlschl�gel, Jens},
    url = {https://cran.r-project.org/package=bit}
}

@techreport{Sajn2016BriefingService,
    title = {{Briefing European Parliamentary Research Service}},
    year = {2016},
    author = {Sajn, Nikolina},
    url = {http://www.europarl.europa.eu/RegData/etudes/BRIE/2016/593518/EPRS_BRI(2016)593518_EN.pdf},
    institution = {European Parliament}
}

@misc{Elledge2017BritainsGuardian,
    title = {{Britain’s housing crisis could be solved – if only the government wanted to | Jonn Elledge | Opinion | The Guardian}},
    year = {2017},
    booktitle = {The Guardian},
    author = {Elledge, Jonn},
    month = {1},
    url = {https://www.theguardian.com/commentisfree/2017/jan/30/britain-housing-crisis-solved-social-housing}
}

@techreport{Marshall2015BUYOPTIONS,
    title = {{BUY TO LEAVE -LINES OF ENQUIRY AND POLICY OPTIONS}},
    year = {2015},
    author = {Marshall, Quentin},
    url = {https://www.rbkc.gov.uk/committees/Document.ashx?czJKcaeAi5tUFL1DTL2UE4zNRBcoShgo=6eOnvFiFGc9t0L44GpHnryg9gc%2BLmJfifTJfnKFrJiNpCKqCTQdwJA%3D%3D&rUzwRPf%2BZ3zd4E7Ikn8Lyw%3D%3D=pwRE6AGJFLDNlh225F5QMaQWCtPHwdhUfCZ%2FLUQzgA2uL5jNRG4jdQ%3D%3D&mCTIbCubSFfXsDGW},
    institution = {THE ROYAL BOROUGH OF KENSINGTON AND CHELSEA},
    address = {London}
}

@misc{fromJedWing2016Caret:Training,
    title = {{caret: Classification and Regression Training}},
    year = {2016},
    author = {from Jed Wing, Max Kuhn. Contributions and Weston, Steve and Williams, Andre and Keefer, Chris and Engelhardt, Allan and Cooper, Tony and Mayer, Zachary and Kenkel, Brenton and {the R Core Team} and Benesty, Michael and Lescarbeau, Reynald and Ziem, Andrew and Scrucca, Luca and Tang, Yuan and Candan., Can},
    url = {https://cran.r-project.org/package=caret}
}

@article{fromJedWing2016Caret:Trainingb,
    title = {{caret: Classification and Regression Training}},
    year = {2016},
    author = {from Jed Wing, Max Kuhn. Contributions and Weston, Steve and Williams, Andre and Keefer, Chris and Engelhardt, Allan and Cooper, Tony and Mayer, Zachary and Kenkel, Brenton and {the R Core Team} and Benesty, Michael and Lescarbeau, Reynald and Ziem, Andrew and Scrucca, Luca and Tang, Yuan and Candan., Can},
    url = {https://cran.r-project.org/package=caret}
}

@misc{CASCADEPage,
    title = {{CASCADE Framework: Main Page}},
    url = {http://rsnape.github.io/CASCADE/docs/html/index.html}
}

@article{MotterCascade-basedNetworks,
    title = {{Cascade-based attacks on complex networks}},
    author = {Motter, Adilson E and Lai, Ying-Cheng},
    url = {https://journals.aps.org/pre/pdf/10.1103/PhysRevE.66.065102},
    doi = {10.1103/PhysRevE.66.065102}
}

@article{Rylatt2013Cascade:Systems,
    title = {{Cascade: An agent based framework for modeling the dynamics of smart electricity systems}},
    year = {2013},
    journal = {Emergence: Complexity and Organization},
    author = {Rylatt, Mark and Gammon, Rupert and Boait, Peter and Varga, Liz and Allen, Peter and Savill, Mark and Snape, Richard and Lemon, Mark and Ardestani, Babak and Pakka, Vijay and Fletcher, Graham and Smith, Stefan and Fan, Denis and Strathern, Mark},
    issn = {15213250}
}

@article{Yan2015CascadingAnalysis,
    title = {{Cascading failure analysis with DC power flow model and transient stability analysis}},
    year = {2015},
    journal = {IEEE Transactions on Power Systems},
    author = {Yan, Jun and Tang, Yufei and He, Haibo and Sun, Yan},
    isbn = {0885-8950},
    doi = {10.1109/TPWRS.2014.2322082},
    issn = {08858950},
    keywords = {Cascading failure, DC power flow, contingency analysis, transient stability, vulnerability assessment}
}

@article{Hines2017CascadingTopology,
    title = {{Cascading Power Outages Propagate Locally in an Influence Graph That is Not the Actual Grid Topology}},
    year = {2017},
    journal = {IEEE Transactions on Power Systems},
    author = {Hines, Paul D.H. and Dobson, Ian and Rezaei, Pooya},
    isbn = {0885-89501558-0679},
    doi = {10.1109/TPWRS.2016.2578259},
    issn = {08858950},
    arxivId = {1508.01775},
    keywords = {Big data, cascading failure, complex networks}
}

@article{Buldyrev2010CatastrophicNetworks,
    title = {{Catastrophic cascade of failures in interdependent networks}},
    year = {2010},
    journal = {Nature},
    author = {Buldyrev, Sergey V. and Parshani, Roni and Paul, Gerald and Stanley, H. Eugene and Havlin, Shlomo},
    number = {7291},
    month = {4},
    pages = {1025--1028},
    volume = {464},
    publisher = {Nature Publishing Group},
    url = {http://www.nature.com/doifinder/10.1038/nature08932},
    doi = {10.1038/nature08932},
    issn = {0028-0836}
}

@techreport{FeinbergChapterFORECASTING,
    title = {{Chapter 12 LOAD FORECASTING}},
    author = {Feinberg, Eugene A and Genethliou, Dora},
    url = {http://almozg.narod.ru/bible/lf.pdf}
}

@article{McLoughlin2012CharacterisingStudy,
    title = {{Characterising domestic electricity consumption patterns by dwelling and occupant socio-economic variables: An Irish case study}},
    year = {2012},
    journal = {Energy and Buildings},
    author = {McLoughlin, Fintan and Duffy, Aidan and Conlon, Michael},
    isbn = {0378-7788},
    doi = {10.1016/j.enbuild.2012.01.037},
    issn = {03787788},
    pmid = {WOS:000302669300027},
    keywords = {Domestic electricity consumption, Dwelling and occupant characteristics, Electricity load profiles}
}

@article{Webber2007ClassifyingResults,
    title = {{Classifying pupils by where they live: How well does this predict variations in their GCSE results?}},
    year = {2007},
    journal = {Urban Studies},
    author = {Webber, Richard and Butler, Tim},
    number = {7},
    month = {1},
    pages = {1229--1254},
    volume = {44},
    publisher = {SAGE Publications},
    doi = {10.1080/00420980701302353},
    issn = {0042-0980}
}

@techreport{Wardle2014CLNRDatasets,
    title = {{CLNR Customer Trials A guide to the load {\&}amp; generation profile datasets}},
    year = {2014},
    author = {Wardle, Robin and Barteczko-Hibbert, Christian and Su, Phoebe and Crossland, Andrew and Jenkins, Andrew and Jones, Owain and Matthews, Peter},
    institution = {Durham University}
}

@article{Langone2014ClusteringMemory,
    title = {{Clustering data over time using kernel spectral clustering with memory}},
    year = {2014},
    journal = {2014 IEEE Symposium on Computational Intelligence and Data Mining (CIDM)},
    author = {Langone, Rocco and Mall, Raghvendra and Suykens, Johan A K},
    month = {1},
    publisher = {Institute of Electrical {\&} Electronics Engineers (IEEE)},
    isbn = {9781479945184},
    doi = {10.1109/cidm.2014.7008141}
}

@misc{MinistryofHousing2017CollectionGOV.UK,
    title = {{Collection rates for Council Tax and non-domestic rates in England, 2016 to 2017 - GOV.UK}},
    year = {2017},
    author = {Ministry of Housing, Communities & Local Government},
    url = {https://www.gov.uk/government/statistics/collection-rates-for-council-tax-and-non-domestic-rates-in-england-2016-to-2017}
}

@techreport{Plutshack2016CommunicationsDilemma,
    title = {{Communications spring 2016 POLICY IN THE FACE OF UNCERTAINTY: THE SMART METER DILEMMA policy in the face of uncertainty: The smart meter dilemma}},
    year = {2016},
    author = {Plutshack, Victoria},
    url = {http://www.cuspe.org/publications/2016/Plutshack_2016.pdf}
}

@article{Fortunato2010CommunityGraphs,
    title = {{Community detection in graphs}},
    year = {2010},
    journal = {Physics Reports},
    author = {Fortunato, Santo},
    number = {s 3–5},
    month = {1},
    pages = {75--174},
    volume = {486},
    publisher = {Elsevier},
    url = {http://www.sciencedirect.com/science/article/pii/S0370157309002841},
    doi = {10.1016/j.physrep.2009.11.002}
}

@article{Papadopoulos2011CommunityMedia,
    title = {{Community detection in social media}},
    year = {2011},
    journal = {Data Mining and Knowledge Discovery},
    author = {Papadopoulos, Symeon and Kompatsiaris, Yiannis and Vakali, Athena and Spyridonos, Ploutarchos},
    number = {3},
    month = {1},
    pages = {515--554},
    volume = {24},
    publisher = {Springer Science + Business Media},
    doi = {10.1007/s10618-011-0224-z},
    issn = {1384-5810}
}

@article{Langone2013CommunityMemory,
    title = {{Community detection using kernel spectral clustering with memory}},
    year = {2013},
    journal = {Journal of Physics: Conference Series},
    author = {Langone, Rocco and Suykens, Johan A K},
    month = {1},
    pages = {12100},
    volume = {410},
    publisher = {IOP Publishing},
    doi = {10.1088/1742-6596/410/1/012100},
    issn = {1742-6596}
}

@article{Mucha2010CommunityNetworks,
    title = {{Community structure in time-dependent, Multiscale, and Multiplex networks}},
    year = {2010},
    journal = {Science},
    author = {Mucha, P J and Richardson, T and Macon, K and Porter, M A and Onnela, J.-P.},
    number = {5980},
    month = {1},
    pages = {876--878},
    volume = {328},
    publisher = {American Association for the Advancement of Science (AAAS)},
    doi = {10.1126/science.1184819},
    issn = {0036-8075}
}

@article{Cupac2013ComparingModels,
    title = {{Comparing dynamics of cascading failures between network-centric and power flow models}},
    year = {2013},
    journal = {International Journal of Electrical Power and Energy Systems},
    author = {Cupac, Valentina and Lizier, Joseph T. and Prokopenko, Mikhail},
    doi = {10.1016/j.ijepes.2013.01.017},
    issn = {01420615},
    keywords = {Cascading failures, Complex networks, OPA model, Power grids, Vulnerability of infrastructure}
}

@article{Ouyang2014ComparisonsAttacks,
    title = {{Comparisons of complex network based models and direct current power flow model to analyze power grid vulnerability under intentional attacks}},
    year = {2014},
    journal = {Physica A: Statistical Mechanics and its Applications},
    author = {Ouyang, Min and Zhao, Lijing and Pan, Zhezhe and Hong, Liu},
    month = {6},
    pages = {45--53},
    volume = {403},
    publisher = {North-Holland},
    url = {http://www.sciencedirect.com.libproxy.ucl.ac.uk/science/article/pii/S0378437114000910},
    doi = {10.1016/J.PHYSA.2014.01.070}
}

@article{DobsonComplexSelf-organization,
    title = {{Complex Systems Analysis of Series of Blackouts: Cascading Failure, Criticality, and Self-organization}},
    journal = {Bulk Power System Dynamics and Control -VI},
    author = {Dobson, Ian and Carreras, Benjamin A and Lynch, Vickie E and Newman, David E},
    url = {http://citeseerx.ist.psu.edu/viewdoc/download?doi=10.1.1.374.7948&rep=rep1&type=pdf}
}

@article{Pons2006ComputingWalks,
    title = {{Computing communities in large networks using random walks}},
    year = {2006},
    journal = {Journal of Graph Algorithms and Applications},
    author = {Pons, Pascal and Latapy, Matthieu},
    number = {2},
    pages = {191--218},
    volume = {10},
    publisher = {Journal of Graph Algorithms and Applications},
    doi = {10.7155/jgaa.00124},
    issn = {1526-1719}
}

@article{Singh2010ConflictDetection,
    title = {{Conflict graph based community detection}},
    year = {2010},
    author = {Singh, Priti and Chakraborty, Abhishek and Manoj, B S},
    month = {1},
    pages = {1--7},
    publisher = {IEEE},
    url = {http://ieeexplore.ieee.org/xpl/login.jsp?tp=&arnumber=7439934&url=http%3A%2F%2Fieeexplore.ieee.org%2Fxpls%2Fabs_all.jsp%3Farnumber%3D7439934},
    doi = {10.1109/COMSNETS.2016.7439934}
}

@article{DefferrardConvolutionalFiltering,
    title = {{Convolutional Neural Networks on Graphs with Fast Localized Spectral Filtering}},
    author = {Defferrard, Michaël and Bresson, Xavier and Vandergheynst, Pierre},
    url = {https://arxiv.org/pdf/1606.09375.pdf}
}

@article{Defferrard2016ConvolutionalFiltering,
    title = {{Convolutional Neural Networks on Graphs with Fast Localized Spectral Filtering}},
    year = {2016},
    author = {Defferrard, Michaël and Bresson, Xavier and Vandergheynst, Pierre},
    month = {6},
    url = {http://arxiv.org/abs/1606.09375},
    arxivId = {1606.09375}
}

@article{Ouyang2014CorrelationGrids,
    title = {{Correlation analysis of different vulnerability metrics on power grids}},
    year = {2014},
    journal = {Physica A: Statistical Mechanics and its Applications},
    author = {Ouyang, Min and Pan, Zhezhe and Hong, Liu and Zhao, Lijing},
    month = {2},
    pages = {204--211},
    volume = {396},
    publisher = {North-Holland},
    url = {http://www.sciencedirect.com/science/article/pii/S0378437113010133},
    doi = {10.1016/J.PHYSA.2013.10.041}
}

@misc{Wei2016Corrplot:Matrix,
    title = {{corrplot: Visualization of a Correlation Matrix}},
    year = {2016},
    author = {Wei, Taiyun and Simko, Viliam},
    url = {https://cran.r-project.org/package=corrplot}
}

@article{SandfordCouncilProperties,
    title = {{Council tax: discount on second homes and long-term empty properties}},
    author = {Sandford, Mark},
    url = {http://www.aff.org.uk/linkedfiles/aff/army_family_life/housing/council_tax/20130304-council_tax-u(2).pdf}
}

@misc{CouncilGOV.UK,
    title = {{Council Tax: stock of properties 2017 - GOV.UK}},
    url = {https://www.gov.uk/government/statistics/council-tax-stock-of-properties-2017}
}

@techreport{2014CountingUK,
    title = {{Counting the cost: the economic and social costs of electricity shortfalls in the UK}},
    year = {2014},
    url = {www.raeng.org.uk},
    institution = {Royal Academy of Engineering},
    isbn = {978-1-909327-11-5}
}

@misc{CustomerRevolution,
    title = {{Customer Led Network Revolution}},
    url = {http://www.networkrevolution.co.uk/smart-grid/}
}

@article{Makonin2016Data2014,
    title = {{Data Descriptor : Electricity , water , and natural gas consumption of a residential house in Canada from 2012 to 2014}},
    year = {2016},
    journal = {Scientific data},
    author = {Makonin, Stephen and Ellert, Bradley and Bajic, Ivan V and Popowich, Fred},
    number = {160037 |},
    pages = {1--12},
    volume = {3},
    doi = {10.1038/sdata.2016.37},
    issn = {20524463}
}

@misc{DataGOV.UK,
    title = {{Data protection: The Data Protection Act - GOV.UK}},
    url = {https://www.gov.uk/data-protection/the-data-protection-act}
}

@misc{Dowle2015Data.table:Data.frame,
    title = {{data.table: Extension of Data.frame}},
    year = {2015},
    author = {Dowle, M and Srinivasan, A and Short, T and with contributions from R Saporta, S Lianoglou and Antonyan, E},
    url = {https://cran.r-project.org/package=data.table}
}

@article{Dowle2015Data.table:Data.frameb,
    title = {{data.table: Extension of Data.frame}},
    year = {2015},
    author = {Dowle, M and Srinivasan, A and Short, T and with contributions from R Saporta, S Lianoglou and Antonyan, E},
    url = {https://cran.r-project.org/package=data.table}
}

@article{Grolemund2011Dateslubridate,
    title = {{Dates and Times Made Easy with {\{}lubridate{\}}}},
    year = {2011},
    journal = {Journal of Statistical Software},
    author = {Grolemund, Garrett and Wickham, Hadley},
    number = {3},
    pages = {1--25},
    volume = {40},
    url = {http://www.jstatsoft.org/v40/i03/}
}

@article{Grolemund2011Dateslubridateb,
    title = {{Dates and Times Made Easy with {\{}lubridate{\}}}},
    year = {2011},
    journal = {Journal of Statistical Software},
    author = {Grolemund, Garrett and Wickham, Hadley},
    number = {3},
    pages = {1 - 25},
    volume = {40},
    url = {http://www.jstatsoft.org/v40/i03/}
}

@article{Stott2009DCRevisited,
    title = {{DC Power Flow Revisited}},
    year = {2009},
    journal = {IEEE Transactions on Power Systems},
    author = {Stott, B. and Jardim, J. and Alsac, O.},
    number = {3},
    month = {8},
    pages = {1290--1300},
    volume = {24},
    url = {http://ieeexplore.ieee.org/document/4956966/},
    doi = {10.1109/TPWRS.2009.2021235},
    issn = {0885-8950}
}

@article{Henaff2015DeepData,
    title = {{Deep Convolutional Networks on Graph-Structured Data}},
    year = {2015},
    author = {Henaff, Mikael and Bruna, Joan and LeCun, Yann},
    month = {6},
    url = {http://arxiv.org/abs/1506.05163},
    arxivId = {1506.05163}
}

@article{RossiDeepGraphs,
    title = {{Deep Feature Learning for Graphs}},
    author = {Rossi, Ryan A and Zhou, Rong and Ahmed, Nesreen K},
    url = {https://arxiv.org/pdf/1704.08829.pdf},
    keywords = {Index Terms—Graph feature learning, attributed graphs, deep graph features, deep learning !, feature diffusion, graph representation learning, graphlets, hierarchical graph representation, higher-order features, node/edge features, relational functions, transfer learning}
}

@article{Dent2015DefiningGeneration,
    title = {{Defining and evaluating the capacity value of distributed generation}},
    year = {2015},
    journal = {IEEE Transactions on Power Systems},
    author = {Dent, Chris J and Hernandez-Ortiz, Alex and Blake, Simon R and Miller, David and Roberts, David},
    number = {5},
    month = {1},
    pages = {2329--2337},
    volume = {30},
    publisher = {Institute of Electrical {\&} Electronics Engineers (IEEE)},
    doi = {10.1109/tpwrs.2014.2363142},
    issn = {0885-8950}
}

@article{Mirowski2014DemandGrids,
    title = {{Demand forecasting in smart Grids}},
    year = {2014},
    journal = {Bell Labs Technical Journal},
    author = {Mirowski, Piotr and Chen, Sining and Ho, Tin Kam and Yu, Chun-Nam},
    number = {4},
    month = {1},
    pages = {135--158},
    volume = {18},
    publisher = {Institute of Electrical {\&} Electronics Engineers (IEEE)},
    doi = {10.1002/bltj.21650},
    issn = {1089-7089}
}

@misc{Greene2014Derekgreene/dynamic-community,
    title = {{Derekgreene/dynamic-community}},
    year = {2014},
    author = {Greene, Derek},
    month = {1},
    url = {https://github.com/derekgreene/dynamic-community}
}

@article{Lyons2015DesignNetworks,
    title = {{Design and analysis of electrical energy storage demonstration projects on UK distribution networks}},
    year = {2015},
    journal = {Applied Energy},
    author = {Lyons, P F and Wade, N S and Jiang, T and Taylor, P C and Hashiesh, F and Michel, M and Miller, D},
    month = {1},
    pages = {677--691},
    volume = {137},
    publisher = {Elsevier},
    url = {http://www.sciencedirect.com/science/article/pii/S030626191400974X},
    doi = {10.1016/j.apenergy.2014.09.027}
}

@article{Kavousian2013DeterminantsBehavior,
    title = {{Determinants of residential electricity consumption: Using smart meter data to examine the effect of climate, building characteristics, appliance stock, and occupants' behavior}},
    year = {2013},
    journal = {Energy},
    author = {Kavousian, Amir and Rajagopal, Ram and Fischer, Martin},
    month = {1},
    pages = {184--194},
    volume = {55},
    publisher = {Elsevier},
    url = {http://www.sciencedirect.com/science/article/pii/S0360544213002831},
    doi = {10.1016/j.energy.2013.03.086}
}

@techreport{2017DigestEnergy,
    title = {{Digest of UK Energy Statistics (DUKES): renewable sources of energy}},
    year = {2017},
    url = {https://www.gov.uk/government/uploads/system/uploads/attachment_data/file/633782/Chapter_6.pdf},
    institution = {Department for Business, Energy {\&} Industrial Strategy}
}

@article{Hines2010DoVulnerability,
    title = {{Do topological models provide good information about electricity infrastructure vulnerability?}},
    year = {2010},
    journal = {Chaos},
    author = {Hines, Paul and Cotilla-Sanchez, Eduardo and Blumsack, Seth},
    isbn = {1054-1500},
    doi = {10.1063/1.3489887},
    issn = {10541500},
    pmid = {20887062},
    arxivId = {1002.2268}
}

@techreport{2005DomesticNOTES,
    title = {{Domestic energy v2 PDF WITH NOTES}},
    year = {2005},
    url = {http://www-g.eng.cam.ac.uk/impee/topics/DomesticEnergy/files/Domestic%20Energy%20v2%20PDF%20WITH%20NOTES.pdf}
}

@article{Levy2005DOWNSHIFTINGLIFE,
    title = {{DOWNSHIFTING AND MEANING IN LIFE}},
    year = {2005},
    journal = {Ratio},
    author = {Levy, Neil},
    number = {2},
    month = {6},
    pages = {176--189},
    volume = {18},
    publisher = {Blackwell Publishing Ltd.},
    url = {http://doi.wiley.com/10.1111/j.1467-9329.2005.00282.x},
    doi = {10.1111/j.1467-9329.2005.00282.x},
    issn = {0034-0006}
}

@misc{Wickham2016Dplyr:Manipulation,
    title = {{dplyr: A Grammar of Data Manipulation}},
    year = {2016},
    author = {Wickham, Hadley and Francois, Romain},
    url = {https://cran.r-project.org/package=dplyr}
}

@article{Wickham2016Dplyr:Manipulationb,
    title = {{dplyr: A Grammar of Data Manipulation}},
    year = {2016},
    author = {Wickham, Hadley and Francois, Romain},
    url = {https://cran.r-project.org/package=dplyr}
}

@misc{Dragonfly:Community,
    title = {{Dragonfly: Western energy sector targeted by sophisticated attack group | Symantec Connect Community}},
    url = {https://www.symantec.com/connect/blogs/dragonfly-western-energy-sector-targeted-sophisticated-attack-group}
}

@misc{DurhamUniversity,
    title = {{Durham energy institute: Customer led network revolution - Durham university}},
    url = {https://www.dur.ac.uk/dei/research/projects/clnr/}
}

@article{Li2015DynamicIdentification,
    title = {{Dynamic community detection algorithm based on incremental identification}},
    year = {2015},
    journal = {2015 IEEE International Conference on Data Mining Workshop (ICDMW)},
    author = {Li, Xiaoming and Wu, Bin and Guo, Qian and Zeng, Xuelin and Shi, Chuan},
    month = {1},
    publisher = {Institute of Electrical {\&} Electronics Engineers (IEEE)},
    isbn = {9781467384933},
    doi = {10.1109/icdmw.2015.158}
}

@article{Carreras2002DynamicsSystems,
    title = {{Dynamics, Criticality and Self-organization in a Model for Blackouts in Power Transmission Systems}},
    year = {2002},
    author = {Carreras, B A and Lynch, V E and Dobson, I and Newman, D E},
    url = {http://citeseerx.ist.psu.edu/viewdoc/download?doi=10.1.1.142.4769&rep=rep1&type=pdf}
}

@misc{Meyer2015E1071:Wien,
    title = {{e1071: Misc Functions of the Department of Statistics, Probability Theory Group (Formerly: E1071), TU Wien}},
    year = {2015},
    author = {Meyer, David and Dimitriadou, Evgenia and Hornik, Kurt and Weingessel, Andreas and Leisch, Friedrich},
    url = {https://cran.r-project.org/package=e1071}
}

@article{Meyer2015E1071:Wienb,
    title = {{e1071: Misc Functions of the Department of Statistics, Probability Theory Group (Formerly: E1071), TU Wien}},
    year = {2015},
    author = {Meyer, David and Dimitriadou, Evgenia and Hornik, Kurt and Weingessel, Andreas and Leisch, Friedrich},
    url = {https://cran.r-project.org/package=e1071}
}

@article{Latora2001EfficientNetworks,
    title = {{Efficient Behavior of Small-World Networks}},
    year = {2001},
    journal = {Physical Review Letters},
    author = {Latora, Vito and Marchiori, Massimo},
    number = {19},
    month = {10},
    pages = {198701},
    volume = {87},
    publisher = {American Physical Society},
    url = {https://link.aps.org/doi/10.1103/PhysRevLett.87.198701},
    doi = {10.1103/PhysRevLett.87.198701},
    issn = {0031-9007}
}

@article{Cohen2003EfficientPopulations,
    title = {{Efficient Immunization Strategies for Computer Networks and Populations}},
    year = {2003},
    journal = {Physical Review Letters},
    author = {Cohen, Reuven and Havlin, Shlomo and ben-Avraham, Daniel},
    number = {24},
    month = {12},
    pages = {247901},
    volume = {91},
    publisher = {American Physical Society},
    url = {https://link.aps.org/doi/10.1103/PhysRevLett.91.247901},
    doi = {10.1103/PhysRevLett.91.247901},
    issn = {0031-9007}
}

@article{Ankush2015ElectricForecasting,
    title = {{Electric load forecasting}},
    year = {2015},
    journal = {International Journal of Engineering And Science},
    author = {{Ankush} and Sarode, R and Mukund, Prof and Salodkar, R},
    number = {10},
    pages = {2278},
    volume = {5},
    url = {http://www.researchinventy.com/papers/v5i10/B0501008012.pdf}
}

@article{Espinoza2007ElectricForecasting,
    title = {{Electric load forecasting}},
    year = {2007},
    journal = {IEEE Control Systems Magazine},
    author = {Espinoza, Marcelo and Suykens, Johan and Belmans, Ronnie and Moor, Bart De},
    number = {5},
    month = {1},
    pages = {43--57},
    volume = {27},
    publisher = {Institute of Electrical {\&} Electronics Engineers (IEEE)},
    doi = {10.1109/mcs.2007.904656},
    issn = {0272-1708}
}

@article{Alfares2002ElectricMethods,
    title = {{Electric load forecasting: literature survey and classi{\textregistered}cation of methods}},
    year = {2002},
    journal = {Internationa l Journal of Systems Science},
    author = {Alfares, Hesham K and Nazeeruddin, Mohammad},
    number = {1},
    pages = {22--34},
    volume = {33},
    doi = {10.1080/00207720110067421}
}

@article{Parag2016ElectricityEra,
    title = {{Electricity market design for the prosumer era}},
    year = {2016},
    journal = {Nature Energy},
    author = {Parag, Yael and Sovacool, Benjamin K.},
    isbn = {doi:10.1038/nenergy.2016.32},
    doi = {10.1038/nenergy.2016.32},
    issn = {2058-7546}
}

@misc{Vancouver2018EmptyTax,
    title = {{Empty Homes Tax}},
    year = {2018},
    author = {Vancouver, City of},
    publisher = {RedDot CMS},
    url = {http://vancouver.ca/home-property-development/empty-homes-tax.aspx}
}

@misc{CITYOFVANCOUVERBRITISHCOLUMBIA2018EmptyVancouver,
    title = {{Empty Homes Tax to generate estimated {\$}30 million | City of Vancouver}},
    year = {2018},
    booktitle = {City of Vancouver News},
    author = {{CITY OF VANCOUVER BRITISH COLUMBIA}},
    url = {https://vancouver.ca/news-calendar/empty-homes-tax-to-generate-estimated-30-million.aspx}
}

@article{Hong2014EnergyFuture,
    title = {{Energy Forecasting: Past, Present, and Future}},
    year = {2014},
    journal = {Foresight: The International Journal of Applied Forecasting},
    author = {Hong, Tao},
    isbn = {15559068},
    pmid = {95267683}
}

@misc{EnglishGOV.UK,
    title = {{English indices of deprivation 2015 - GOV.UK}},
    url = {https://www.gov.uk/government/statistics/english-indices-of-deprivation-2015}
}

@misc{Hausser2014Entropy:Quantities,
    title = {{entropy: Estimation of Entropy, Mutual Information and Related Quantities}},
    year = {2014},
    author = {Hausser, Jean and Strimmer, Korbinian},
    url = {https://cran.r-project.org/package=entropy}
}

@article{Hausser2014Entropy:Quantitiesb,
    title = {{entropy: Estimation of Entropy, Mutual Information and Related Quantities}},
    year = {2014},
    author = {Hausser, Jean and Strimmer, Korbinian},
    url = {https://cran.r-project.org/package=entropy}
}

@article{Albet2001Error2000,
    title = {{Error and attack tolerance of complex networks (vol 406, pg 378, 2000)}},
    year = {2001},
    journal = {Nature},
    author = {Albet, R and Jeong, N and Barabasi, A L},
    isbn = {0028-0836},
    issn = {0028-0836},
    keywords = {dynamics, internet topology, small-world networks, wide-web}
}

@article{Rezaei2015EstimatingChemistry,
    title = {{Estimating Cascading Failure Risk With Random Chemistry}},
    year = {2015},
    journal = {IEEE Transactions on Power Systems},
    author = {Rezaei, Pooya and Hines, Paul D.H. and Eppstein, Margaret J.},
    isbn = {9781467380409},
    doi = {10.1109/TPWRS.2014.2361735},
    issn = {08858950},
    arxivId = {1405.4213},
    keywords = {Cascading failure, Monte Carlo sampling, power systems reliability}
}

@article{Ferdin1997EstimatingGame,
    title = {{Estimating house price growth with repeat sales data: What's the aim of the game?}},
    year = {1997},
    journal = {Journal of Housing Economics},
    author = {{Ferdin} and Wang, T and Zorn, Peter M},
    number = {2},
    month = {1},
    pages = {93--118},
    volume = {6},
    publisher = {Elsevier BV},
    doi = {10.1006/jhec.1997.0209},
    issn = {1051-1377}
}

@article{Follain1985EstimatingCritique,
    title = {{Estimating the demand for housing characteristics: A survey and critique}},
    year = {1985},
    journal = {Regional Science and Urban Economics},
    author = {Follain, James R. and Jimenez, Emmanuel},
    number = {1},
    month = {2},
    pages = {77--107},
    volume = {15},
    url = {http://linkinghub.elsevier.com/retrieve/pii/016604628590033X},
    doi = {10.1016/0166-0462(85)90033-X},
    issn = {01660462}
}

@article{BrancucciMartinez-Anido2012EuropeanTell,
    title = {{European power grid reliability indicators, what do they really tell?}},
    year = {2012},
    journal = {Electric Power Systems Research},
    author = {Brancucci Mart{\'{i}}nez-Anido, C and Bolado, R and De Vries, L and Fulli, G and Vandenbergh, M and Masera, M},
    month = {9},
    pages = {79--84},
    volume = {90},
    publisher = {Elsevier},
    url = {http://www.sciencedirect.com/science/article/pii/S0378779612001071},
    doi = {10.1016/J.EPSR.2012.04.007}
}

@article{Cheng2014EventApproach,
    title = {{Event detection using Twitter: A Spatio-Temporal approach}},
    year = {2014},
    journal = {PLoS ONE},
    author = {Cheng, Tao and Wicks, Thomas},
    editor = {Bejon, Philip},
    number = {6},
    month = {1},
    pages = {e97807},
    volume = {9},
    publisher = {Public Library of Science (PLoS)},
    doi = {10.1371/journal.pone.0097807},
    issn = {1932-6203}
}

@article{Sutton2002ExplainingPrices1,
    title = {{Explaining changes in house prices1}},
    year = {2002},
    journal = {BIS Quarterly Review},
    author = {Sutton, Gregory D},
    url = {http://www.bis.org/publ/r_qt0209f.pdf}
}

@article{Newman2011ExploringMitigation,
    title = {{Exploring complex systems aspects of blackout risk and mitigation}},
    year = {2011},
    journal = {IEEE Transactions on Reliability},
    author = {Newman, David E. and Carreras, Benjamin A. and Lynch, Vickie E. and Dobson, Ian},
    isbn = {0018-9529},
    doi = {10.1109/TR.2011.2104711},
    issn = {00189529},
    keywords = {Blackout risk, cascading failure, complex system, electric power transmission system, infrastructure, power law, self-organized criticality}
}

@article{Rylatt2015ExploringApproach,
    title = {{Exploring Smart Grid Possibilities : A Complex Systems Modelling Approach}},
    year = {2015},
    journal = {Smart Grid},
    author = {Rylatt, R Mark and Snape, J Richard and Allen, Peter and Ardestani, Babak M and Boait, Peter and Fan, Denis and Fletcher, Graham and Gammon, Rupert and Lemon, Mark and Pakka, Vijay and Rynikiewicz, Christophe and Savill, Mark and Smith, Stefan and Strathern, Mark and Varga, Liz},
    doi = {10.1515/sgrid-2015-0001}
}

@article{Zeileis2010ExtendedResponses,
    title = {{Extended Model Formulas in {\{}R{\}}: Multiple Parts and Multiple Responses}},
    year = {2010},
    journal = {Journal of Statistical Software},
    author = {Zeileis, Achim and Croissant, Yves},
    number = {1},
    pages = {1--13},
    volume = {34},
    url = {http://www.jstatsoft.org/v34/i01/}
}

@unpublished{Yusupova2016ExuberanceMarkets,
    title = {{Exuberance in the U.K. Regional Housing Markets}},
    year = {2016},
    author = {Yusupova, Alisa and Pavlidis, Efthymios and Paya, Ivan and Peel, David},
    url = {https://editorialexpress.com/cgi-bin/conference/download.cgi?db_name=RESConf2017&paper_id=508},
    institution = {Lancaster University}
}

@article{Blondel2008FastNetworks,
    title = {{Fast unfolding of communities in large networks}},
    year = {2008},
    journal = {Journal of Statistical Mechanics: Theory and Experiment},
    author = {Blondel, Vincent D and Guillaume, Jean-Loup and Lambiotte, Renaud and Lefebvre, Etienne},
    number = {10},
    month = {1},
    pages = {P10008},
    volume = {2008},
    publisher = {IOP Publishing},
    doi = {10.1088/1742-5468/2008/10/p10008},
    issn = {1742-5468}
}

@misc{Adler2014Ff:Functions,
    title = {{ff: memory-efficient storage of large data on disk and fast access functions}},
    year = {2014},
    author = {Adler, Daniel and Gl�ser, Christian and Nenadic, Oleg and Oehlschl�gel, Jens and Zucchini, Walter},
    url = {https://cran.r-project.org/package=ff}
}

@article{Adler2014Ff:Functionsb,
    title = {{ff: memory-efficient storage of large data on disk and fast access functions}},
    year = {2014},
    author = {Adler, Daniel and Gl�ser, Christian and Nenadic, Oleg and Oehlschl�gel, Jens and Zucchini, Walter},
    url = {https://cran.r-project.org/package=ff}
}

@techreport{2004FinalItaly,
    title = {{Final report of the investigation committee on the 2003 Blackout in Italy}},
    year = {2004},
    url = {https://www.entsoe.eu/fileadmin/user_upload/_library/publications/ce/otherreports/20040427_UCTE_IC_Final_report.pdf},
    institution = {Union for the Coordination of Electricity Transmission}
}

@techreport{2004FinalBlackout,
    title = {{Final Report on the 2003 Northeastern blackout}},
    year = {2004},
    url = {https://www.energy.gov/sites/prod/files/oeprod/DocumentsandMedia/BlackoutFinal-Web.pdf},
    institution = {U.S.-Canada Power System Outage Task Force}
}

@book{Aalbers2016FinancializationHousing.,
    title = {{Financialization of Housing.}},
    year = {2016},
    author = {Aalbers, Manuel.},
    publisher = {Taylor and Francis},
    isbn = {1138950580}
}

@article{Clauset2004FindingNetworks,
    title = {{Finding community structure in very large networks}},
    year = {2004},
    journal = {Physical Review E},
    author = {Clauset, Aaron and Newman, M E J and Moore, Cristopher},
    number = {6},
    month = {1},
    volume = {70},
    publisher = {American Physical Society (APS)},
    doi = {10.1103/physreve.70.066111},
    issn = {1539-3755}
}

@techreport{Green2014FindingMarket,
    title = {{Finding Shelter: Overseas investment in the UK housing market}},
    year = {2014},
    author = {Green, David G and Bentley, Daniel},
    number = {February},
    institution = {CIVITAS}
}

@article{Arora2016ForecastingEstimation,
    title = {{Forecasting electricity smart meter data using conditional kernel density estimation}},
    year = {2016},
    journal = {Omega},
    author = {Arora, Siddharth and Taylor, James W},
    month = {1},
    pages = {47--59},
    volume = {59},
    publisher = {Elsevier BV},
    doi = {10.1016/j.omega.2014.08.008},
    issn = {0305-0483}
}

@article{Arora2016ForecastingEstimationb,
    title = {{Forecasting electricity smart meter data using conditional kernel density estimation}},
    year = {2016},
    journal = {Omega},
    author = {Arora, Siddharth and Taylor, James W},
    pages = {47--59},
    volume = {59},
    publisher = {Elsevier BV},
    url = {http://people.maths.ox.ac.uk/arora/SmartMeterManuscript_OMEGA.pdf},
    doi = {10.1016/j.omega.2014.08.008}
}

@article{Gupta2013ForecastingEnvironment,
    title = {{Forecasting house prices for the four census regions and the aggregate US economy in a data-rich environment}},
    year = {2013},
    journal = {Applied Economics},
    author = {Gupta, Rangan},
    number = {33},
    month = {1},
    pages = {4677--4697},
    volume = {45},
    publisher = {Informa UK},
    doi = {10.1080/00036846.2013.797561},
    issn = {0003-6846}
}

@article{Taieb2016ForecastingRegression,
    title = {{Forecasting uncertainty in electricity smart meter data by boosting additive Quantile regression}},
    year = {2016},
    journal = {IEEE Transactions on Smart Grid},
    author = {Taieb, Souhaib Ben and Huser, Raphael and Hyndman, Rob J and Genton, Marc G},
    pages = {1--8},
    publisher = {Institute of Electrical {\&} Electronics Engineers (IEEE)},
    doi = {10.1109/tsg.2016.2527820},
    issn = {1949-3053}
}

@techreport{Murphy2016ForeignProperty,
    title = {{Foreign Investment in UK Residential Property}},
    year = {2016},
    author = {Murphy, By Christopher},
    number = {07723},
    institution = {House of Commons Library}
}

@article{Powells2015FosteringPractises,
    title = {{Fostering active network management through SMEs' practises}},
    year = {2015},
    journal = {Energy Efficiency},
    author = {Powells, Gareth and Bell, Sandra and Judson, Ellis P and Lyon, Stephen M and Wardle, Robin and Capova, Klara Anna and Bulkeley, Harriet},
    number = {3},
    month = {1},
    pages = {591--604},
    volume = {9},
    publisher = {Springer Science + Business Media},
    doi = {10.1007/s12053-015-9382-y},
    issn = {1570-646X}
}

@article{Lund2012FromUnderstanding,
    title = {{From electricity smart grids to smart energy systems – A market operation based approach and understanding}},
    year = {2012},
    journal = {Energy},
    author = {Lund, Henrik and Andersen, Anders N and {\O}stergaard, Poul Alberg and Mathiesen, Brian Vad and Connolly, David},
    number = {1},
    month = {1},
    pages = {96--102},
    volume = {42},
    publisher = {Elsevier},
    url = {http://www.sciencedirect.com/science/article/pii/S0360544212002836},
    doi = {10.1016/j.energy.2012.04.003}
}

@misc{2016GeneratingEnvironment,
    title = {{Generating a Leeds geodemographic classification: Applications in policy, commerce and health: Earth and environment}},
    year = {2016},
    url = {http://www.see.leeds.ac.uk/admissions-and-study/research-degrees/lars-scholarships/generating-a-leeds-geodemographic-classification-applications-in-policy-commerce-and-health/}
}

@techreport{Gordon2016GenerationStatement,
    title = {{Generation Capacity Statement}},
    year = {2016},
    author = {Gordon, Andrew and Ameijenda, Noelle},
    institution = {EirGrid},
    address = {Dublin}
}

@book{Leventhal2016GeodemographicsMarketing,
    title = {{Geodemographics for marketers: Using location analysis for research and marketing}},
    year = {2016},
    author = {Leventhal, Barry},
    month = {1},
    publisher = {Kogan Page},
    address = {London, United Kingdom},
    isbn = {9780749473822}
}

@misc{Limited2015GeodemographicsBase,
    title = {{Geodemographics knowledge base}},
    year = {2015},
    author = {Limited, A M A DataSet},
    url = {https://www.geodemographics.org.uk/}
}

@article{Bastian2006Gephi:Networks,
    title = {{Gephi: An open source software for exploring and manipulating networks}},
    year = {2006},
    journal = {InterJournal},
    author = {Bastian, Mathieu and Gephi, Sebastien Heymann and Paris, Webatlas and {France} and Jacomy, Mathieu},
    pages = {1695},
    volume = {Complex Systems},
    url = {https://gephi.org/publications/gephi-bastian-feb09.pdf}
}

@misc{deVries2016Ggdendro:ggplot2,
    title = {{ggdendro: Create Dendrograms and Tree Diagrams Using 'ggplot2'}},
    year = {2016},
    author = {de Vries, Andrie and Ripley, Brian D},
    url = {https://cran.r-project.org/package=ggdendro}
}

@book{Wickham2009Ggplot2:Analysis,
    title = {{ggplot2: Elegant Graphics for Data Analysis}},
    year = {2009},
    author = {Wickham, Hadley},
    publisher = {Springer-Verlag New York},
    url = {http://ggplot2.org},
    isbn = {978-0-387-98140-6}
}

@book{Wickham2009Ggplot2:Analysisb,
    title = {{ggplot2: Elegant Graphics for Data Analysis}},
    year = {2009},
    author = {Wickham, Hadley},
    publisher = {Springer-Verlag New York},
    url = {http://ggplot2.org},
    isbn = {978-0-387-98140-6}
}

@article{Berg2017GraphCompletion,
    title = {{Graph Convolutional Matrix Completion}},
    year = {2017},
    author = {Berg, Rianne van den and Kipf, Thomas N. and Welling, Max},
    month = {6},
    url = {http://arxiv.org/abs/1706.02263},
    arxivId = {1706.02263}
}

@article{Leskovec2007GraphEvolution,
    title = {{Graph evolution}},
    year = {2007},
    journal = {ACM Transactions on Knowledge Discovery from Data},
    author = {Leskovec, Jure and Kleinberg, Jon and Faloutsos, Christos},
    number = {1},
    month = {1},
    pages = {2-es},
    volume = {1},
    publisher = {Association for Computing Machinery (ACM)},
    doi = {10.1145/1217299.1217301},
    issn = {1556-4681}
}

@misc{entsoe-eGridMap,
    title = {{Grid Map}},
    author = {{entsoe-e}},
    url = {https://www.entsoe.eu/data/map/}
}

@incollection{Xiao2017HedonicReview,
    title = {{Hedonic Housing Price Theory Review}},
    year = {2017},
    author = {Xiao, Yang},
    pages = {11--40},
    url = {http://link.springer.com/10.1007/978-981-10-2762-8_2},
    doi = {10.1007/978-981-10-2762-8{\_}2}
}

@incollection{Xiao2017HedonicReviewb,
    title = {{Hedonic Housing Price Theory Review}},
    year = {2017},
    author = {Xiao, Yang},
    pages = {11--40},
    url = {http://link.springer.com/10.1007/978-981-10-2762-8_2},
    doi = {10.1007/978-981-10-2762-8{\_}2}
}

@article{RosenHedonicCompetition,
    title = {{Hedonic Prices and Implicit Markets: Product Differentiation in Pure Competition}},
    journal = {Journal of Political Economy},
    author = {Rosen, Sherwin},
    pages = {34--55},
    volume = {82},
    publisher = {The University of Chicago Press},
    url = {https://www.jstor.org/stable/1830899},
    doi = {10.2307/1830899},
    keywords = {Consumer economics, Consumer equilibrium, Consumer prices, Demand, Marginal costs, Marginal pricing, Market prices, Political economy, Prices, Supply}
}

@misc{HarrellJr2016Hmisc:Miscellaneous,
    title = {{Hmisc: Harrell Miscellaneous}},
    year = {2016},
    author = {Harrell Jr, Frank E and {with contributions from Charles Dupont} and {many others.}},
    url = {https://cran.r-project.org/package=Hmisc}
}

@article{Jr2016Hmisc:Miscellaneous,
    title = {{Hmisc: Harrell Miscellaneous}},
    year = {2016},
    author = {Jr, Frank E Harrell and {with contributions from Charles Dupont} and {many others.}},
    url = {https://cran.r-project.org/package=Hmisc}
}

@misc{2013HomesEIA,
    title = {{Homes show greatest seasonal variation in electricity use - today in energy - U.S. Energy information administration (EIA)}},
    year = {2013},
    month = {1},
    url = {https://www.eia.gov/todayinenergy/detail.cfm?id=10211}
}

@misc{2013HomesEIAb,
    title = {{Homes show greatest seasonal variation in electricity use - today in energy - U.S. Energy information administration (EIA)}},
    year = {2013},
    month = {1},
    url = {http://www.eia.gov/todayinenergy/detail.cfm?id=10211}
}

@misc{Henretty2017HousingStatistics,
    title = {{Housing affordability in England and Wales - Office for National Statistics}},
    year = {2017},
    author = {Henretty, Nigel},
    url = {https://www.ons.gov.uk/peoplepopulationandcommunity/housing/bulletins/housingaffordabilityinenglandandwales/1997to2016#housing-affordability-worsening-fastest-in-london-boroughs}
}

@article{Strategy2015HOUSING2015,
    title = {{HOUSING IN LONDON 2015}},
    year = {2015},
    author = {Strategy, Housing}
}

@article{Gallent2017HousingCrisis,
    title = {{Housing supply, investment demand and money creation: A comment on the drivers of London’s housing crisis}},
    year = {2017},
    journal = {Urban Studies},
    author = {Gallent, Nick and Durrant, Dan and May, Neil},
    month = {5},
    pages = {004209801770582},
    publisher = {SAGE PublicationsSage UK: London, England},
    url = {http://journals.sagepub.com/doi/10.1177/0042098017705828},
    doi = {10.1177/0042098017705828},
    issn = {0042-0980},
    keywords = {credit, financialisation, housing crisis, housing-demand, housing-supply}
}

@techreport{2014HowBritain,
    title = {{How integrated is modern Britain?}},
    year = {2014},
    publisher = {Social Integration Commision},
    url = {http://socialintegrationcommission.org.uk/SIC_Report_WEB.pdf}
}

@article{Schleicher-Tappeser2012HowYears,
    title = {{How renewables will change electricity markets in the next five years}},
    year = {2012},
    journal = {Energy Policy},
    author = {Schleicher-Tappeser, Ruggero},
    pages = {64--75},
    volume = {48},
    url = {http://pierrepinson.com/31761/Literature/schleicher2012.pdf},
    doi = {10.1016/j.enpol.2012.04.042},
    keywords = {Captive power production, Electricity markets, Photovoltaics}
}

@misc{1918IANAResources,
    title = {{IANA — number resources}},
    year = {1918},
    url = {https://www.iana.org/numbers}
}

@article{Pastor-Satorras2002ImmunizationNetworks,
    title = {{Immunization of complex networks}},
    year = {2002},
    journal = {Physical Review E},
    author = {Pastor-Satorras, Romualdo and Vespignani, Alessandro},
    number = {3},
    month = {2},
    pages = {036104},
    volume = {65},
    publisher = {American Physical Society},
    url = {https://link.aps.org/doi/10.1103/PhysRevE.65.036104},
    doi = {10.1103/PhysRevE.65.036104},
    issn = {1063-651X}
}

@article{Nowotarski2016ImprovingForecasts,
    title = {{Improving short term load forecast accuracy via combining sister forecasts}},
    year = {2016},
    journal = {Energy},
    author = {Nowotarski, Jakub and Liu, Bidong and Weron, Rafał and Hong, Tao},
    doi = {10.1016/j.energy.2015.12.142},
    issn = {03605442},
    keywords = {Electric load forecasting, Expert aggregation, Forecast combination, Sister forecasts}
}

@book{Madden2016InCrisis,
    title = {{In defense of housing : the politics of crisis}},
    year = {2016},
    author = {Madden, David J. and Marcuse, Peter},
    pages = {230},
    publisher = {Verso},
    isbn = {9781784783549}
}

@article{Mantegna1999InformationMarkets,
    title = {{Information and hierarchical structure in financial markets}},
    year = {1999},
    journal = {Computer Physics Communications},
    author = {Mantegna, R N},
    month = {1},
    pages = {153--156},
    volume = {121-122},
    publisher = {Elsevier BV},
    doi = {10.1016/s0010-4655(99)00302-1},
    issn = {0010-4655}
}

@article{Wang2014IntegratingNetworks,
    title = {{Integrating electrical energy storage into coordinated voltage control schemes for distribution networks}},
    year = {2014},
    journal = {IEEE Transactions on Smart Grid},
    author = {Wang, Pengfei and Liang, Daniel H and Yi, Jialiang and Lyons, Pádraig F and Davison, Peter J and Taylor, Philip C},
    number = {2},
    month = {1},
    pages = {1018--1032},
    volume = {5},
    publisher = {IEEE},
    url = {http://ieeexplore.ieee.org/xpl/articleDetails.jsp?reload=true&arnumber=6733342},
    doi = {10.1109/TSG.2013.2292530},
    issn = {1949-3053}
}

@techreport{OBrien2017InternetReport,
    title = {{Internet Security Threat Report ISTR An ISTR Special Report}},
    year = {2017},
    author = {O’Brien, Dick},
    url = {https://www.symantec.com/content/dam/symantec/docs/security-center/white-papers/istr-ransomware-2017-en.pdf},
    institution = {Symantec}
}

@incollection{Diappi2013Introduction,
    title = {{Introduction}},
    year = {2013},
    booktitle = {Emergent Phenomena in Housing Markets},
    author = {Diappi, Lidia},
    pages = {1--15},
    publisher = {Physica-Verlag HD},
    url = {http://www.springerlink.com/index/10.1007/978-3-7908-2864-1_1},
    address = {Heidelberg},
    doi = {10.1007/978-3-7908-2864-1{\_}1}
}

@article{Lee2013IntroductionData,
    title = {{Introduction to multiple imputation for dealing with missing data}},
    year = {2013},
    journal = {Respirology},
    author = {Lee, Katherine J and Simpson, Julie A},
    number = {2},
    month = {1},
    pages = {162--167},
    volume = {19},
    publisher = {Wiley-Blackwell},
    doi = {10.1111/resp.12226},
    issn = {1323-7799}
}

@article{Gallent2016InvestmentCrisis,
    title = {{Investment, global capital and other drivers of England’s housing crisis}},
    year = {2016},
    journal = { Journal of Urban Regeneration {\&} Renewal},
    author = {Gallent, Nick},
    number = {2},
    pages = {122--138},
    volume = {9},
    publisher = {Henry Stewart Publications},
    url = {http://www.ingentaconnect.com/content/hsp/jurr/2016/00000009/00000002/art00004}
}

@misc{IrishAffairs,
    title = {{Irish electricity transmission system operator EirGrid targeted by a nation-state actorSecurity Affairs}},
    url = {http://securityaffairs.co/wordpress/61800/cyber-warfare-2/eirgrid-targeted-nation-state-actor.html}
}

@article{Reinhart2009IsComparison,
    title = {{Is the 2007 US sub-prime financial crisis so different? An international historical comparison}},
    year = {2009},
    journal = {Panoeconomicus},
    author = {Reinhart, Carmen and Rogoff, Kenneth},
    number = {3},
    pages = {291--299},
    volume = {56},
    publisher = {National Library of Serbia},
    doi = {10.2298/pan0903291r},
    issn = {1452-595X}
}

@article{Hines2009LargeImplications,
    title = {{Large blackouts in North America: Historical trends and policy implications}},
    year = {2009},
    journal = {Energy Policy},
    author = {Hines, Paul and Apt, Jay and Talukdar, Sarosh},
    isbn = {0301-4215},
    doi = {10.1016/j.enpol.2009.07.049},
    issn = {03014215},
    keywords = {Cascading failures, Electricity reliability, Power system blackouts}
}

@book{Sarkar2008Lattice:R,
    title = {{Lattice: Multivariate Data Visualization with R}},
    year = {2008},
    author = {Sarkar, Deepayan},
    publisher = {Springer},
    url = {http://lmdvr.r-forge.r-project.org},
    address = {New York}
}

@techreport{Howard2015LessonsCLNR-L262,
    title = {{Lessons Learnt report customer trial equipment installations DOCUMENT NUMBER CLNR-L262}},
    year = {2015},
    author = {Howard, Chris},
    url = {www.networkrevolution.co.uk},
    institution = {Northern Powergrid (Northeast) Limited}
}

@article{LettersNature,
    title = {{letters to nature}},
    url = {http://www.nature.com/nature/journal/v406/n6794/pdf/406378a0.pdf}
}

@article{LettersNatureb,
    title = {{letters to nature}},
    url = {http://www.nature.com/nature/journal/v406/n6794/pdf/406378a0.pdf}
}

@article{WeissLeveragingAppliances,
    title = {{Leveraging smart meter data to recognize home appliances}},
    author = {Weiss, Markus and Helfenstein, Adrian and Mattern, Friedemann and Staake, Thorsten},
    pages = {190--197},
    publisher = {IEEE},
    url = {http://ieeexplore.ieee.org/xpl/login.jsp?tp=&arnumber=6199866&url=http%3A%2F%2Fieeexplore.ieee.org%2Fxpls%2Fabs_all.jsp%3Farnumber%3D6199866},
    doi = {10.1109/PerCom.2012.6199866}
}

@misc{LiveGOV.UK,
    title = {{Live tables on dwelling stock (including vacants) - GOV.UK}},
    url = {https://www.gov.uk/government/statistical-data-sets/live-tables-on-dwelling-stock-including-vacants}
}

@misc{DepartmentforCommunitiesandLocalGovernment2017LiveGOV.UK,
    title = {{Live tables on dwelling stock (including vacants) - GOV.UK}},
    year = {2017},
    author = {{Department for Communities and Local Government}},
    url = {https://www.gov.uk/government/statistical-data-sets/live-tables-on-dwelling-stock-including-vacants}
}

@article{Fernandez2016LondonElite,
    title = {{London and New York as a safe deposit box for the transnational wealth elite}},
    year = {2016},
    journal = {Environment and Planning A},
    author = {Fernandez, Rodrigo and Hofman, Annelore and Aalbers, Manuel B},
    number = {12},
    month = {12},
    pages = {2443--2461},
    volume = {48},
    publisher = {SAGE PublicationsSage UK: London, England},
    url = {http://journals.sagepub.com/doi/10.1177/0308518X16659479},
    doi = {10.1177/0308518X16659479},
    issn = {0308-518X},
    keywords = {Elites, London, New York, financialisation, global cities, housing markets, offshore financial centres, spatial fix}
}

@techreport{SavillsResearch2012LondonsSupply,
    title = {{London's Housing Supply}},
    year = {2012},
    author = {{Savills Research}},
    pages = {8},
    url = {http://pdf.euro.savills.co.uk/spotlight-on/spotlight-on-london-housing-supply.pdf},
    institution = {Savills}
}

@misc{LowerDatasets,
    title = {{Lower Layer Super Output Area (LSOA) boundaries - Datasets}},
    url = {https://data.gov.uk/dataset/lower_layer_super_output_area_lsoa_boundaries}
}

@misc{LowerStatistics,
    title = {{Lower Super Output Area Mid-Year Population Estimates (National Statistics) - Office for National Statistics}},
    url = {https://www.ons.gov.uk/peoplepopulationandcommunity/populationandmigration/populationestimates/datasets/lowersuperoutputareamidyearpopulationestimatesnationalstatistics}
}

@misc{Bache2014Magrittr:R,
    title = {{magrittr: A Forward-Pipe Operator for R}},
    year = {2014},
    author = {Bache, Stefan Milton and Wickham, Hadley},
    url = {https://cran.r-project.org/package=magrittr}
}

@article{Bache2014Magrittr:Rb,
    title = {{magrittr: A Forward-Pipe Operator for R}},
    year = {2014},
    author = {Bache, Stefan Milton and Wickham, Hadley},
    url = {https://cran.r-project.org/package=magrittr}
}

@article{Rosvall2010MappingNetworks,
    title = {{Mapping change in large networks}},
    year = {2010},
    journal = {PLoS ONE},
    author = {Rosvall, Martin and Bergstrom, Carl T},
    editor = {Rapallo, Fabio},
    number = {1},
    month = {1},
    pages = {e8694},
    volume = {5},
    publisher = {Public Library of Science (PLoS)},
    doi = {10.1371/journal.pone.0008694},
    issn = {1932-6203}
}

@article{Rosvall2008MapsStructure,
    title = {{Maps of random walks on complex networks reveal community structure}},
    year = {2008},
    journal = {Proceedings of the National Academy of Sciences},
    author = {Rosvall, M and Bergstrom, C T},
    number = {4},
    month = {1},
    pages = {1118--1123},
    volume = {105},
    publisher = {Proceedings of the National Academy of Sciences},
    doi = {10.1073/pnas.0706851105},
    issn = {0027-8424}
}

@article{Schaub2012MarkovLimit,
    title = {{Markov dynamics as a zooming lens for Multiscale community detection: Non clique-like communities and the field-of-view limit}},
    year = {2012},
    journal = {PLoS ONE},
    author = {Schaub, Michael T and Delvenne, Jean-Charles and Yaliraki, Sophia N and Barahona, Mauricio},
    editor = {Sporns, Olaf},
    number = {2},
    month = {1},
    pages = {e32210},
    volume = {7},
    publisher = {Public Library of Science (PLoS)},
    doi = {10.1371/journal.pone.0032210},
    issn = {1932-6203}
}

@article{Zimmerman2011MATPOWER:Education,
    title = {{MATPOWER: Steady-State Operations, Planning, and Analysis Tools for Power Systems Research and Education}},
    year = {2011},
    journal = {IEEE Transactions on Power Systems},
    author = {Zimmerman, Ray Daniel and Murillo-Sanchez, Carlos Edmundo and Thomas, Robert John},
    number = {1},
    month = {2},
    pages = {12--19},
    volume = {26},
    url = {http://ieeexplore.ieee.org/document/5491276/},
    doi = {10.1109/TPWRS.2010.2051168},
    issn = {0885-8950}
}

@misc{Bates2016Matrix:Methods,
    title = {{Matrix: Sparse and Dense Matrix Classes and Methods}},
    year = {2016},
    author = {Bates, Douglas and Maechler, Martin},
    url = {https://cran.r-project.org/package=Matrix}
}

@article{Bates2016Matrix:Methodsb,
    title = {{Matrix: Sparse and Dense Matrix Classes and Methods}},
    year = {2016},
    author = {Bates, Douglas and Maechler, Martin},
    url = {https://cran.r-project.org/package=Matrix}
}

@article{Darby2012Metering:Households,
    title = {{Metering: EU policy and implications for fuel poor households}},
    year = {2012},
    journal = {Energy Policy},
    author = {Darby, Sarah J},
    month = {1},
    pages = {98--106},
    volume = {49},
    publisher = {Elsevier BV},
    doi = {10.1016/j.enpol.2011.11.065},
    issn = {0301-4215}
}

@misc{Mersmann2015Microbenchmark:Functions,
    title = {{microbenchmark: Accurate Timing Functions}},
    year = {2015},
    author = {Mersmann, Olaf},
    url = {https://cran.r-project.org/package=microbenchmark}
}

@article{Mersmann2015Microbenchmark:Functionsb,
    title = {{microbenchmark: Accurate Timing Functions}},
    year = {2015},
    author = {Mersmann, Olaf},
    url = {https://cran.r-project.org/package=microbenchmark}
}

@techreport{Blore2015MigrationNeighbourhoods,
    title = {{Migration, integration and Neighbourhoods}},
    year = {2015},
    author = {Blore, Peter J},
    url = {http://www.ethnicity.ac.uk/medialibrary/briefings/policy/migration-integration-and-neighbourhoods-a4-leaflet-v4.pdf}
}

@article{Kinney2005ModelingGrid,
    title = {{Modeling cascading failures in the North American power grid}},
    year = {2005},
    journal = {Eur. Phys. J. B},
    author = {Kinney, R and Crucitti, P and Albert, R and Latora, V},
    pages = {101--107},
    volume = {46},
    url = {https://link.springer.com/content/pdf/10.1140%2Fepjb%2Fe2005-00237-9.pdf},
    doi = {10.1140/epjb/e2005-00237-9}
}

@article{Giussani1991ModelingKingdom,
    title = {{Modeling regional house prices in the United Kingdom}},
    year = {1991},
    journal = {Papers in Regional Science},
    author = {Giussani, Bruno and Hadjimatheou, George},
    number = {2},
    month = {1},
    pages = {201--219},
    volume = {70},
    publisher = {Wiley-Blackwell},
    doi = {10.1007/bf01434329},
    issn = {1056-8190}
}

@article{Zong-chang2014ModellingStudy,
    title = {{Modelling and forecasting of electric daily peak load movement based on the elliptic-orbit model with weekly periodic extension: A case study}},
    year = {2014},
    journal = {IET Generation, Transmission {\&} Distribution},
    author = {Zong-chang, Yang},
    number = {12},
    month = {1},
    pages = {2046--2054},
    volume = {8},
    publisher = {Institution of Engineering and Technology (IET)},
    doi = {10.1049/iet-gtd.2014.0289},
    issn = {1751-8687}
}

@article{Cheng2014ModifiableDetection,
    title = {{Modifiable temporal unit problem (MTUP) and its effect on space-time cluster detection}},
    year = {2014},
    journal = {PLoS ONE},
    author = {Cheng, Tao and Adepeju, Monsuru},
    editor = {Preis, Tobias},
    number = {6},
    month = {1},
    pages = {e100465},
    volume = {9},
    publisher = {Public Library of Science (PLoS)},
    doi = {10.1371/journal.pone.0100465},
    issn = {1932-6203}
}

@article{Newman2006ModularityNetworks,
    title = {{Modularity and community structure in networks}},
    year = {2006},
    journal = {Proceedings of the National Academy of Sciences},
    author = {Newman, M E J},
    number = {23},
    month = {1},
    pages = {8577--8582},
    volume = {103},
    publisher = {Proceedings of the National Academy of Sciences},
    doi = {10.1073/pnas.0601602103},
    issn = {0027-8424}
}

@article{Lai2010MomentumBubble,
    title = {{Momentum and house price growth in the United States: Anatomy of a bubble}},
    year = {2010},
    journal = {Real Estate Economics},
    author = {Lai, Rose N and Order, Robert A Van},
    number = {4},
    month = {1},
    pages = {753--773},
    volume = {38},
    publisher = {Wiley-Blackwell},
    doi = {10.1111/j.1540-6229.2010.00282.x},
    issn = {1080-8620}
}

@article{Doos2013MosaicStudy,
    title = {{Mosaic segmentation, COPD and CHF multimorbidity and hospital admission costs: A clinical linkage study}},
    year = {2013},
    journal = {Journal of Public Health},
    author = {Doos, L and Uttley, J and Onyia, I and Iqbal, Z and Jones, P W and Kadam, U T},
    number = {2},
    month = {1},
    pages = {317--324},
    volume = {36},
    publisher = {Oxford University Press (OUP)},
    doi = {10.1093/pubmed/fdt070},
    issn = {1741-3842}
}

@misc{HawkesSteve2017MPsConstructions,
    title = {{MPs accuse Britain's biggest housebuilders of FUELLING the housing crisis by delaying constructions}},
    year = {2017},
    booktitle = {The Sun},
    author = {{Hawkes Steve}},
    month = {4},
    url = {https://www.thesun.co.uk/news/3438216/mps-accuse-britains-biggest-housebuilders-of-fuelling-the-housing-crisis-by-delaying-constructions/}
}

@article{Yan2013Multi-contingencyMap,
    title = {{Multi-contingency cascading analysis of smart grid based on self-organizing map}},
    year = {2013},
    journal = {IEEE Transactions on Information Forensics and Security},
    author = {Yan, Jun and Zhu, Yihai and He, Haibo and Sun, Yan},
    doi = {10.1109/TIFS.2013.2249065},
    issn = {15566013},
    keywords = {Attack, Failure cascading, Feature clustering, Power grid security, Self-organizing map, Smart grid}
}

@article{Martelot2013Multi-scaleOptimisation,
    title = {{Multi-scale community detection using stability optimisation}},
    year = {2013},
    journal = {International Journal of Web Based Communities},
    author = {Martelot, Erwan Le and Hankin, Chris},
    number = {3},
    pages = {323},
    volume = {9},
    publisher = {Inderscience Publishers},
    doi = {10.1504/ijwbc.2013.054907},
    issn = {1477-8394}
}

@article{Mall2015Netgram:Networks,
    title = {{Netgram: Visualizing communities in evolving networks}},
    year = {2015},
    journal = {PLOS ONE},
    author = {Mall, Raghvendra and Langone, Rocco and Suykens, Johan A K},
    editor = {Lambiotte, Renaud},
    number = {9},
    month = {1},
    pages = {e0137502},
    volume = {10},
    publisher = {Public Library of Science (PLoS)},
    doi = {10.1371/journal.pone.0137502},
    issn = {1932-6203}
}

@book{Barabasi2016NetworkScience,
    title = {{Network science}},
    year = {2016},
    author = {Barabasi, Albert-Laaszlo and Posfai, Marton},
    edition = {1},
    pages = {303},
    url = {https://books.google.co.uk/books/about/Network_Science.html?id=iLtGDQAAQBAJ&redir_esc=y},
    isbn = {1107076269}
}

@misc{Gandrud2016NetworkD3:R,
    title = {{networkD3: D3 JavaScript Network Graphs from R}},
    year = {2016},
    author = {Gandrud, Christopher and Allaire, J J and Russell, Kenton},
    url = {https://cran.r-project.org/package=networkD3}
}

@article{Gandrud2016NetworkD3:Rb,
    title = {{networkD3: D3 JavaScript Network Graphs from R}},
    year = {2016},
    author = {Gandrud, Christopher and Allaire, J J and Russell, Kenton},
    url = {https://cran.r-project.org/package=networkD3}
}

@misc{ChanPing2017NoBrussels,
    title = {{No end in sight for Britain's housing crisis, warns Brussels}},
    year = {2017},
    booktitle = {The Telegraph},
    author = {Chan Ping, Szu},
    month = {2},
    url = {http://www.telegraph.co.uk/business/2017/02/22/no-end-sight-britains-housing-crisis-warns-brussels/}
}

@article{ConnNoTitle,
    title = {{No Title}},
    author = {Conn, Dan}
}

@article{Lauret2012NonlinearForecasting,
    title = {{Nonlinear models for short-time load forecasting}},
    year = {2012},
    journal = {Energy Procedia},
    author = {Lauret, Philippe and David, Mathieu and Calogine, Didier},
    pages = {1404--1409},
    volume = {14},
    publisher = {Elsevier BV},
    doi = {10.1016/j.egypro.2011.12.1109},
    issn = {1876-6102}
}

@article{Charytoniuk1998NonparametricForecasting,
    title = {{Nonparametric regression based short-term load forecasting}},
    year = {1998},
    journal = {IEEE Transactions on Power Systems},
    author = {Charytoniuk, W and Chen, M S and Olinda, P Van},
    number = {3},
    pages = {725--730},
    volume = {13},
    publisher = {Institute of Electrical {\&} Electronics Engineers (IEEE)},
    doi = {10.1109/59.708572},
    issn = {0885-8950}
}

@article{Carreras2016NorthRisk,
    title = {{North American blackout time series statistics and implications for blackout risk}},
    year = {2016},
    journal = {IEEE Transactions on Power Systems in},
    author = {Carreras, Benjamin A and Newman, David E and Dobson, Ian},
    url = {http://iandobson.ece.iastate.edu/PAPERS/carrerasPS16.pdf},
    keywords = {Index Terms—Power transmission reliability, risk analysis}
}

@article{Kullback1951OnSufficiency,
    title = {{On information and sufficiency}},
    year = {1951},
    journal = {The Annals of Mathematical Statistics},
    author = {Kullback, S and Leibler, R A},
    number = {1},
    month = {1},
    pages = {79--86},
    volume = {22},
    publisher = {Institute of Mathematical Statistics},
    doi = {10.1214/aoms/1177729694},
    issn = {0003-4851}
}

@article{Volkova2015OnSelf-disclosure,
    title = {{On predicting Sociodemographic traits and emotions from communications in social networks and their implications to online self-disclosure}},
    year = {2015},
    journal = {Cyberpsychology, Behavior, and Social Networking},
    author = {Volkova, Svitlana and Bachrach, Yoram},
    number = {12},
    pages = {726--736},
    volume = {18},
    publisher = {Mary Ann Liebert},
    url = {http://www.cs.jhu.edu//papers/VB-preprint-cyberpsych15.pdf},
    doi = {10.1089/cyber.2014.0609}
}

@techreport{Erdos1959OnGraphs,
    title = {{On random Graphs}},
    year = {1959},
    author = {Erdos, P and Renyi, A},
    url = {http://www.renyi.hu/_erdos/1959-11.pdf}
}

@techreport{Erdos1960ONGRAPHS,
    title = {{ON THE EVOLUTION OF RANDOM GRAPHS}},
    year = {1960},
    author = {Erd{\H{o}}s, P and R{\'{e}}nyi, A},
    url = {http://www.renyi.hu/_erdos/1960-10.pdf}
}

@article{Albano2014OnNetworks,
    title = {{On the use of intrinsic time scale for dynamic community detection and visualization in social networks}},
    year = {2014},
    author = {Albano, Alice and Guillaume, Jean-Loup and Grand, Bénédicte Le},
    month = {1},
    pages = {1--11},
    url = {https://hal.archives-ouvertes.fr/hal-01059845/},
    doi = {10.1109/RCIS.2014.6861033}
}

@misc{ONS2017,
    title = {{ONS Postcode Directory (May 2017)}},
    url = {http://ons.maps.arcgis.com/home/item.html?id=3548d835cff740de83b527429fe23ee0}
}

@article{Medjroubi2017OpenModels,
    title = {{Open Data in Power Grid Modelling: New Approaches Towards Transparent Grid Models}},
    year = {2017},
    journal = {Energy Reports},
    author = {Medjroubi, Wided and M{\"{u}}ller, Ulf Philipp and Scharf, Malte and Matke, Carsten and Kleinhans, David},
    month = {11},
    pages = {14--21},
    volume = {3},
    publisher = {Elsevier},
    url = {https://www.sciencedirect.com/science/article/pii/S2352484716300877},
    doi = {10.1016/J.EGYR.2016.12.001},
    issn = {2352-4847}
}

@incollection{Rivera2015OpenGridMap:Data,
    title = {{OpenGridMap: An Open Platform for Inferring Power Grids with Crowdsourced Data}},
    year = {2015},
    author = {Rivera, José and Goebel, Christoph and Sardari, David and Jacobsen, Hans-Arno},
    month = {11},
    pages = {179--191},
    publisher = {Springer, Cham},
    url = {http://link.springer.com/10.1007/978-3-319-25876-8_15},
    doi = {10.1007/978-3-319-25876-8{\_}15}
}

@techreport{Wallace2017OverseasAuthors,
    title = {{Overseas Investors in London's New Build Housing Market About the authors}},
    year = {2017},
    author = {Wallace, Alison and Rhodes, David and Webber, Richard},
    url = {https://www.london.gov.uk/moderngovmb/documents/s58641/08b2c%20University%20of%20York%20data%20report.pdf},
    institution = {Centre for Housing Policy}
}

@article{Powells2014PeakLife,
    title = {{Peak electricity demand and the flexibility of everyday life}},
    year = {2014},
    journal = {Geoforum},
    author = {Powells, Gareth and Bulkeley, Harriet and Bell, Sandra and Judson, Ellis},
    month = {1},
    pages = {43--52},
    volume = {55},
    publisher = {Elsevier},
    url = {http://www.sciencedirect.com/science/article/pii/S0016718514000931},
    doi = {10.1016/j.geoforum.2014.04.014}
}

@misc{2016PearsonsTest,
    title = {{Pearson's chi-squared test}},
    year = {2016},
    booktitle = {Wikipedia},
    month = {1},
    publisher = {Wikimedia Foundation},
    url = {https://en.wikipedia.org/wiki/Pearson%27s_chi-squared_test}
}

@article{Chang2011PerformanceFailures,
    title = {{Performance and reliability of electrical power grids under cascading failures}},
    year = {2011},
    journal = {International Journal of Electrical Power and Energy Systems},
    author = {Chang, Liang and Wu, Zhigang},
    isbn = {01420615},
    doi = {10.1016/j.ijepes.2011.06.021},
    issn = {01420615},
    keywords = {Cascading failure, Infrastructure, Performance, Power grids, State transition graph, System reliability}
}

@misc{OpenStreetMapcontributors2017PlanetHttps://planet.osm.org,
    title = {{Planet dump retrieved from https://planet.osm.org}},
    year = {2017},
    author = {{OpenStreetMap contributors}},
    publisher = {OPenStreetMap},
    url = {https://www.openstreetmap.org}
}

@misc{PrimeMinistersOffice2016PM:EU,
    title = {{PM: UK will lose billions of pounds in infrastructure funding if it leaves EU}},
    year = {2016},
    author = {Prime Minister's Office, 10 Downing Street and Cameron, The Rt Hon David},
    month = {1},
    url = {https://www.gov.uk/government/news/pm-uk-will-lose-billions-of-pounds-in-infrastructure-funding-if-it-leaves-eu}
}

@article{2014PowerGrid,
    title = {{Power grid complex network evolutions for the smart grid}},
    year = {2014},
    journal = {Physica A: Statistical Mechanics and its Applications},
    month = {2},
    pages = {248--266},
    volume = {396},
    publisher = {North-Holland},
    url = {http://www.sciencedirect.com/science/article/pii/S0378437113010649},
    doi = {10.1016/J.PHYSA.2013.11.022},
    issn = {0378-4371}
}

@article{Pagani2012PowerTrading,
    title = {{Power Grid Network Evolutions for Local Energy Trading}},
    year = {2012},
    author = {Pagani, Giuliano Andrea and Aiello, Marco},
    month = {1},
    url = {http://arxiv.org/abs/1201.0962},
    arxivId = {1201.0962}
}

@article{Arianos2008PowerApproach,
    title = {{Power grids vulnerability: a complex network approach}},
    year = {2008},
    author = {Arianos, S. and Bompard, E. and Carbone, A. and Xue, F.},
    month = {10},
    url = {http://arxiv.org/abs/0810.5278 http://dx.doi.org/10.1063/1.3077229},
    doi = {10.1063/1.3077229},
    arxivId = {0810.5278}
}

@misc{JonathanBourne2018PowerGridNetworking,
    title = {{PowerGridNetworking}},
    year = {2018},
    author = {{Jonathan Bourne}},
    publisher = {Github},
    url = {https://github.com/JonnoB/PowerGridNetworking}
}

@misc{Culotta2015PredictingData,
    title = {{Predicting the demographics of twitter users from website traffic data}},
    year = {2015},
    author = {Culotta, Aron and {Ravi} and Kumar, Nirmal and Cutler, Jennifer},
    month = {1},
    pages = {72--78},
    url = {http://dl.acm.org/citation.cfm?id=2887018}
}

@misc{HMLandRegistryPriceGOV.UK,
    title = {{Price Paid Data - GOV.UK}},
    author = {{HM Land Registry}},
    url = {https://www.gov.uk/government/statistical-data-sets/price-paid-data-downloads}
}

@article{MarshallPRINCIPLESVolume,
    title = {{PRINCIPLES OF ECONOMICS An introductory volume}},
    author = {Marshall, Alfred},
    url = {http://krishikosh.egranth.ac.in/bitstream/1/77892/1/PRINCIPLES%20OF%20ECONOMICS.pdf}
}

@misc{JonathanBourne2018ProportionalLoading,
    title = {{ProportionalLoading}},
    year = {2018},
    author = {{Jonathan Bourne}},
    publisher = {Github},
    url = {https://github.com/JonnoB/ProportionalLoading}
}

@article{Delmotte2011ProteinInteraction,
    title = {{Protein multi-scale organization through graph partitioning and robustness analysis: Application to the myosin-myosin light chain interaction}},
    year = {2011},
    journal = {Physical biology.},
    author = {Delmotte, A and Tate, E W and Yaliraki, S N and Barahona, M},
    number = {5},
    month = {1},
    volume = {8},
    url = {http://www.ncbi.nlm.nih.gov/pubmed/21832797}
}

@article{Palla2007QuantifyingNature,
    title = {{Quantifying social group evolution: Abstract: Nature}},
    year = {2007},
    journal = {Nature},
    author = {Palla, Gergely and Barab{\'{a}}si, Albert-László and Vicsek, Tamás},
    number = {7136},
    month = {1},
    pages = {664--667},
    volume = {446},
    publisher = {Nature Publishing Group},
    url = {http://www.nature.com/nature/journal/v446/n7136/pdf/nature05670.pdf},
    doi = {10.1038/nature05670},
    issn = {1476-4687}
}

@misc{Bengtsson2016R.utils:Utilities,
    title = {{R.utils: Various Programming Utilities}},
    year = {2016},
    author = {Bengtsson, Henrik},
    url = {https://cran.r-project.org/package=R.utils}
}

@article{Bengtsson2016R.utils:Utilitiesb,
    title = {{R.utils: Various Programming Utilities}},
    year = {2016},
    author = {Bengtsson, Henrik},
    url = {https://cran.r-project.org/package=R.utils}
}

@article{Team2016R:Computing,
    title = {{R: A Language and Environment for Statistical Computing}},
    year = {2016},
    author = {Team, R Core},
    url = {https://www.r-project.org/},
    address = {Vienna, Austria}
}

@article{Breiman2001RandomForests,
    title = {{Random forests}},
    year = {2001},
    journal = {Machine Learning},
    author = {Breiman, Leo},
    isbn = {0885-6125},
    doi = {10.1023/A:1010933404324},
    issn = {08856125},
    pmid = {21816105},
    arxivId = {http://dx.doi.org/10.1023{\%}2FA{\%}3A1010933404324},
    keywords = {Classification, Ensemble, Regression}
}

@article{Brown2008RapidHomes,
    title = {{Rapid evidence assessment of the research literature on the purchase and use of second homes}},
    year = {2008},
    author = {Brown, Tim J. and Lishman, Ros and Oxley, Michael and Turkington, R.},
    url = {http://hdl.handle.net/2086/2667}
}

@techreport{Hartwich2017RatingAffordability,
    title = {{Rating Middle-Income Housing Affordability}},
    year = {2017},
    author = {Hartwich, Oliver},
    url = {http://www.demographia.com/dhi.pdf},
    institution = {Demographia}
}

@article{Burgess2008Re-materialisingSystems,
    title = {{Re-materialising energy use through transparent monitoring systems}},
    year = {2008},
    journal = {Energy Policy},
    author = {Burgess, Jacquelin and Nye, Michael},
    number = {12},
    month = {1},
    pages = {4454--4459},
    volume = {36},
    publisher = {Elsevier BV},
    doi = {10.1016/j.enpol.2008.09.039},
    issn = {0301-4215}
}

@article{Paris2009RepositioningHyperconsumption,
    title = {{Re?positioning Second Homes within Housing Studies: Household Investment, Gentrification, Multiple Residence, Mobility and Hyper?consumption}},
    year = {2009},
    journal = {Housing, Theory and Society},
    author = {Paris, Chris},
    number = {4},
    month = {12},
    pages = {292--310},
    volume = {26},
    url = {http://www.tandfonline.com/doi/abs/10.1080/14036090802300392},
    doi = {10.1080/14036090802300392},
    issn = {1403-6096}
}

@article{Ball1973RecentPrices,
    title = {{Recent empirical work on the determinants of relative house prices}},
    year = {1973},
    journal = {Urban Studies},
    author = {Ball, Michael},
    number = {2},
    month = {1},
    pages = {213--233},
    volume = {10},
    publisher = {SAGE Publications},
    doi = {10.1080/00420987320080311},
    issn = {0042-0980}
}

@article{Korkali2017ReducingInterdependence,
    title = {{Reducing Cascading Failure Risk by Increasing Infrastructure Network Interdependence}},
    year = {2017},
    journal = {Scientific Reports},
    author = {Korkali, Mert and Veneman, Jason G. and Tivnan, Brian F. and Bagrow, James P. and Hines, Paul D. H.},
    doi = {10.1038/srep44499},
    issn = {2045-2322},
    pmid = {28317835},
    arxivId = {1410.6836}
}

@techreport{Gyourko2014RegulationSupply,
    title = {{Regulation and Housing Supply}},
    year = {2014},
    author = {Gyourko, Joseph and Molloy, Raven},
    month = {10},
    url = {http://www.nber.org/papers/w20536.pdf},
    institution = {National Bureau of Economic Research},
    address = {Cambridge, MA},
    doi = {10.3386/w20536}
}

@techreport{2007ReliabilityConcepts,
    title = {{Reliability Concepts}},
    year = {2007},
    url = {http://www.nerc.com/files/concepts_v1.0.2.pdf},
    institution = {North American Electric Reliability Corporation}
}

@techreport{Farha2017ReportContext,
    title = {{Report of the Special Rapporteur on adequate housing as a component of the right to an adequate standard of living, and on the right to non-discrimination in this context}},
    year = {2017},
    author = {Farha, Leilani},
    pages = {17--770},
    url = {https://documents-dds-ny.un.org/doc/UNDOC/GEN/G17/009/56/PDF/G1700956.pdf?OpenElement},
    institution = {United Nations Human Rights Council}
}

@article{Zhu2014RevealingRisk-graph,
    title = {{Revealing cascading failure vulnerability in power grids using risk-graph}},
    year = {2014},
    journal = {IEEE Transactions on Parallel and Distributed Systems},
    author = {Zhu, Yihai and Yan, Jun and Sun, Yan and He, Haibo},
    isbn = {1045-9219 VO - 25},
    doi = {10.1109/TPDS.2013.2295814},
    issn = {10459219},
    keywords = {Attack, Cascading failure, Extended model, Power grid, Risk graph, Security}
}

@article{ReviewCommunities,
    title = {{Review of Second Home Data and Assessment of the Effects Second Homes are Having on Rural Communities}},
    url = {http://www.lakedistrict.gov.uk/__data/assets/pdf_file/0005/410873/Review-of-second-home-data-and-assessment-of-effects-on-rural-communities.pdf}
}

@techreport{ReviewCommunitiesb,
    title = {{Review of Second Home Data and Assessment of the Effects Second Homes are Having on Rural Communities}},
    url = {http://www.lakedistrict.gov.uk/__data/assets/pdf_file/0005/410873/Review-of-second-home-data-and-assessment-of-effects-on-rural-communities.pdf},
    institution = {Lake District National Park}
}

@misc{SankeyDiagrams,
    title = {{Sankey diagrams}},
    url = {http://www.sankey-diagrams.com/}
}

@book{Eddelbuettel2013SeamlessRcpp,
    title = {{Seamless {\{}R{\}} and {\{}C++{\}} Integration with {\{}Rcpp{\}}}},
    year = {2013},
    author = {Eddelbuettel, Dirk},
    publisher = {Springer},
    address = {New York}
}

@book{Coppock1977SecondTrove,
    title = {{Second homes : curse or blessing? / Edited by J. T. Coppock. - Version details - Trove}},
    year = {1977},
    author = {Coppock, John Terrence},
    edition = {1st},
    publisher = {Oxford : Pergamon Press },
    url = {http://ucl-primo.hosted.exlibrisgroup.com/primo_library/libweb/action/display.do?tabs=detailsTab&ct=display&fn=search&doc=UCL_LMS_DS000012072&indx=1&recIds=UCL_LMS_DS000012072&recIdxs=0&elementId=0&renderMode=poppedOut&displayMode=full&frbrVersion=&query=},
    isbn = {0080213715}
}

@article{Mller2013SecondLater,
    title = {{Second Homes: Curse or Blessing? A Review 36 Years Later}},
    year = {2013},
    journal = {Scandinavian Journal of Hospitality and Tourism},
    author = {M?ller, Dieter K. and Hoogendoorn, Gijsbert},
    number = {4},
    month = {12},
    pages = {353--369},
    volume = {13},
    url = {http://www.tandfonline.com/doi/abs/10.1080/15022250.2013.860306},
    doi = {10.1080/15022250.2013.860306},
    issn = {1502-2250}
}

@article{Kipf2016Semi-SupervisedNetworks,
    title = {{Semi-Supervised Classification with Graph Convolutional Networks}},
    year = {2016},
    author = {Kipf, Thomas N. and Welling, Max},
    month = {9},
    url = {http://arxiv.org/abs/1609.02907},
    arxivId = {1609.02907}
}

@phdthesis{Hong2010ShortForecasting,
    title = {{Short Term Electric Load Forecasting}},
    year = {2010},
    author = {Hong, Tao},
    pages = {9},
    school = {North Carolina State University}
}

@article{Hussain2014ShortMethods,
    title = {{Short term load forecasting system based on support vector kernel methods}},
    year = {2014},
    journal = {International Journal of Computer Science and Information Technology},
    author = {Hussain, Lal and M, Sajjad Nadeem and Shah, Syed Ahsen Ali},
    number = {3},
    month = {1},
    pages = {93--102},
    volume = {6},
    publisher = {Academy and Industry Research Collaboration Center (AIRCC)},
    doi = {10.5121/ijcsit.2014.6308},
    issn = {0975-4660}
}

@article{Hussain2014ShortMethodsb,
    title = {{Short term load forecasting system based on support vector kernel methods}},
    year = {2014},
    journal = {International Journal of Computer Science and Information Technology},
    author = {Hussain, Lal and M, Sajjad Nadeem and Shah, Syed Ahsen Ali},
    number = {3},
    month = {1},
    pages = {93--102},
    volume = {6},
    publisher = {Academy and Industry Research Collaboration Center (AIRCC)},
    doi = {10.5121/ijcsit.2014.6308},
    issn = {0975-4660}
}

@article{Hayes2015Short-termData,
    title = {{Short-term load forecasting at the local level using smart meter data}},
    year = {2015},
    journal = {2015 IEEE Eindhoven PowerTech},
    author = {Hayes, Barry and Gruber, Jorn and Prodanovic, Milan},
    month = {1},
    publisher = {Institute of Electrical {\&} Electronics Engineers (IEEE)},
    isbn = {9781479976935},
    doi = {10.1109/ptc.2015.7232358}
}

@misc{ONSSmallStatistics,
    title = {{Small area income estimates for middle layer super output areas, England and Wales - Office for National Statistics}},
    author = {{ONS}},
    url = {https://www.ons.gov.uk/employmentandlabourmarket/peopleinwork/earningsandworkinghours/datasets/smallareaincomeestimatesformiddlelayersuperoutputareasenglandandwales}
}

@article{Clastres2016SmartObjectives,
    title = {{Smart grids: Another step towards competition, energy security and climate change objectives}},
    year = {2016},
    journal = {Energy Policy},
    author = {Clastres, Cédric},
    number = {9},
    pages = {5399--5408},
    volume = {39},
    publisher = {Elsevier},
    url = {http://www.sciencedirect.com/science/article/pii/S030142151100396X},
    doi = {10.1016/j.enpol.2011.05.024}
}

@article{McKenna2012SmartApplications,
    title = {{Smart meter data: Balancing consumer privacy concerns with legitimate applications}},
    year = {2012},
    journal = {Energy Policy},
    author = {McKenna, Eoghan and Richardson, Ian and Thomson, Murray},
    month = {1},
    pages = {807--814},
    volume = {41},
    publisher = {Elsevier BV},
    doi = {10.1016/j.enpol.2011.11.049},
    issn = {0301-4215}
}

@article{Leiva2016SmartReview,
    title = {{Smart metering trends, implications and necessities: A policy review}},
    year = {2016},
    journal = {Renewable and Sustainable Energy Reviews},
    author = {Leiva, Javier and Palacios, Alfonso and Aguado, José A},
    month = {1},
    pages = {227--233},
    volume = {55},
    publisher = {Elsevier BV},
    doi = {10.1016/j.rser.2015.11.002},
    issn = {1364-0321}
}

@techreport{SmartPlans,
    title = {{Smart meters diagnosis and plans}},
    url = {https://www.parliament.uk/documents/commons-committees/science-technology/evidence-tests/smart-meters.pdf}
}

@misc{forBusiness2013SmartGuide,
    title = {{Smart meters: A guide}},
    year = {2013},
    author = {for Business, Energy & Industrial Strategy},
    month = {1},
    url = {https://www.gov.uk/guidance/smart-meters-how-they-work}
}

@article{DanielSolvingCrisis,
    title = {{Solving t Solving t Solving t Solving the UK he UK he UK he UK Housing Crisis Housing Crisis Housing Crisis Housing Crisis}},
    author = {{Daniel}},
    url = {https://www.bowgroup.org/sites/bowgroup.uat.pleasetest.co.uk/files/The%20Bow%20Group%20-%20The%20UK%20Housing%20Crisis%20(2015)%20FINAL.pdf}
}

@techreport{Valentine2015SolvingCrisis,
    title = {{Solving the UK Housing Crisis}},
    year = {2015},
    author = {Valentine, Daniel Rossall},
    institution = {The Bow Group}
}

@article{Adams2016SpatialBangladesh,
    title = {{Spatial and temporal dynamics of multidimensional well-being, livelihoods and ecosystem services in coastal Bangladesh}},
    year = {2016},
    journal = {Scientific Data},
    author = {Adams, Helen and Adger, W. Neil and Ahmad, Sate and Ahmed, Ali and Begum, Dilruba and L{\'{a}}z{\'{a}}r, Attila N. and Matthews, Zoe and Rahman, Mohammed Mofizur and Streatfield, Peter Kim and Howe, C. and Suich, H. and Gardingen, P. van and Rahman, A. and Mace, G. M. and Stark, O. and Bloom, D. E. and Lipton, M. and Bhattamishra, R. and Barrett, C. B. and J{\"{u}}lich, S. and Islam, M. M. and Herbeck, J. and Fisher, B. and Turner, R. K. and Morling, P. and Daw, Tim M. and Brown, K. and Rosendo, S. and Pomeroy, Robert S. and Lele, S. and Springate-Baginski, O. and Lakerveld, R. and Deb, D. and Dash, P. and Fisher, J. A. and Hicks, C. C. and Cinner, Joshua E. and Peterson, Garry D. and Bennett, Elena M. and Bateman, I. J. and L{\'{a}}z{\'{a}}r, A. N and Chowdhury, A. M. R.},
    number = {March},
    pages = {160094},
    volume = {3},
    url = {http://www.nature.com/articles/sdata201694},
    doi = {10.1038/sdata.2016.94},
    issn = {2052-4463},
    pmid = {27824340}
}

@article{Barthelemy2011SpatialNetworks,
    title = {{Spatial networks}},
    year = {2011},
    journal = {Physics Reports},
    author = {Barth{\'{e}}lemy, Marc},
    number = {1},
    pages = {1--101},
    volume = {499},
    url = {http://www.sciencedirect.com/science/journal/03701573/499/1-3?sdc=1},
    doi = {10.1016/j.physrep.2010.11.002},
    issn = {03701573}
}

@misc{2016SpearmansCoefficient,
    title = {{Spearman's rank correlation coefficient}},
    year = {2016},
    booktitle = {Wikipedia},
    month = {1},
    publisher = {Wikimedia Foundation},
    url = {https://en.wikipedia.org/wiki/Spearman%27s_rank_correlation_coefficient}
}

@techreport{Government2014SpecialDemand,
    title = {{Special feature – seasonal variations in electricity demand 73 seasonal variations in electricity demand}},
    year = {2014},
    author = {Government, H M},
    url = {https://www.gov.uk/government/uploads/system/uploads/attachment_data/file/295225/Seasonal_variations_in_electricity_demand.pdf}
}

@article{Kim2013SplittingBlackouts,
    title = {{Splitting method for speedy simulation of cascading blackouts}},
    year = {2013},
    journal = {IEEE Transactions on Power Systems},
    author = {Kim, Janghoon and Bucklew, James A. and Dobson, Ian},
    isbn = {9781479913039},
    doi = {10.1109/TPWRS.2012.2231887},
    issn = {08858950},
    keywords = {Failure analysis, power transmission system reliability, probability, simulation}
}

@article{Newman2002SpreadNetworks,
    title = {{Spread of epidemic disease on networks}},
    year = {2002},
    journal = {Physical Review E},
    author = {Newman, M. E. J.},
    number = {1},
    month = {7},
    pages = {016128},
    volume = {66},
    url = {https://link.aps.org/doi/10.1103/PhysRevE.66.016128},
    doi = {10.1103/PhysRevE.66.016128},
    issn = {1063-651X}
}

@article{Delvenne2010StabilityScales,
    title = {{Stability of graph communities across time scales}},
    year = {2010},
    journal = {Proceedings of the National Academy of Sciences},
    author = {Delvenne, J - C and Yaliraki, S N and Barahona, M},
    number = {29},
    month = {1},
    pages = {12755--12760},
    volume = {107},
    publisher = {National Acad Sciences},
    url = {http://www.pnas.org/content/107/29/12755.abstract},
    doi = {10.1073/pnas.0903215107},
    issn = {1091-6490}
}

@article{Albert2002StatisticalNetworks,
    title = {{Statistical mechanics of complex networks}},
    year = {2002},
    journal = {Reviews of Modern Physics},
    author = {Albert, Réka and Barab{\'{a}}si, Albert-László},
    number = {1},
    month = {1},
    pages = {47--97},
    volume = {74},
    publisher = {American Physical Society},
    url = {https://link.aps.org/doi/10.1103/RevModPhys.74.47},
    doi = {10.1103/RevModPhys.74.47},
    issn = {0034-6861}
}

@article{An2016StrathprintsStudy,
    title = {{Strathprints Institutional Repository An electrical load measurements dataset of United Kingdom households from a two-year longitudinal study}},
    year = {2016},
    author = {An, Vladimir and Murray, David and Stankovic, Lina and Stankovic, Vladimir},
    pages = {1--12},
    volume = {4463},
    doi = {10.1038/sdata.2016.122},
    issn = {20524463}
}

@misc{Wickham2015Stringr:Operations,
    title = {{stringr: Simple, Consistent Wrappers for Common String Operations}},
    year = {2015},
    author = {Wickham, Hadley},
    url = {https://cran.r-project.org/package=stringr}
}

@article{Wickham2015Stringr:Operationsb,
    title = {{stringr: Simple, Consistent Wrappers for Common String Operations}},
    year = {2015},
    author = {Wickham, Hadley},
    url = {https://cran.r-project.org/package=stringr}
}

@article{Chi2007StructuralFactorization,
    title = {{Structural and temporal analysis of the blogosphere through community factorization}},
    year = {2007},
    author = {Chi, Yun and Zhu, Shenghuo and Song, Xiaodan and Tatemura, Junichi and Tseng, Belle L},
    month = {1},
    pages = {163--172},
    publisher = {ACM},
    url = {http://dl.acm.org/citation.cfm?id=1281213&dl=ACM&coll=DL&CFID=797150401&CFTOKEN=79867632},
    doi = {10.1145/1281192.1281213}
}

@article{Paciorek2013SupplyDynamics,
    title = {{Supply constraints and housing market dynamics}},
    year = {2013},
    journal = {Journal of Urban Economics},
    author = {Paciorek, Andrew},
    month = {9},
    pages = {11--26},
    volume = {77},
    url = {http://linkinghub.elsevier.com/retrieve/pii/S009411901300034X},
    doi = {10.1016/j.jue.2013.04.001},
    issn = {00941190}
}

@article{Gallent2016Swimming,
    title = {{swimming against a cornish tide ?}},
    year = {2016},
    author = {Gallent, Nick and Kelsey, John and Hamiduddin, Iqbal},
    number = {June},
    pages = {237--240}
}

@incollection{Schapire2003TheOverview,
    title = {{The boosting approach to machine learning: An overview}},
    year = {2003},
    booktitle = {Nonlinear Estimation and Classification},
    author = {Schapire, Robert E},
    pages = {149--171},
    publisher = {Springer Science + Business Media},
    url = {https://www.cs.princeton.edu/picasso/mats/schapire02boosting_schapire.pdf},
    doi = {10.1007/978-0-387-21579-2{\_}9}
}

@article{Buchanan2016TheOpportunities,
    title = {{The British public's perception of the UK smart metering initiative: Threats and opportunities}},
    year = {2016},
    journal = {Energy Policy},
    author = {Buchanan, Kathryn and Banks, Nick and Preston, Ian and Russo, Riccardo},
    month = {1},
    pages = {87--97},
    volume = {91},
    publisher = {Elsevier BV},
    doi = {10.1016/j.enpol.2016.01.003},
    issn = {0301-4215}
}

@techreport{Heywood2013TheTax,
    title = {{The Case for a Property Speculation Tax}},
    year = {2013},
    author = {Heywood, Andrew and Hackett, Paul},
    url = {https://smithinstitutethinktank.files.wordpress.com/2014/11/the-case-for-a-property-speculation-tax.pdf},
    institution = {The Smith Institute}
}

@article{Jaccard1912THEZONE.1,
    title = {{THE DISTRIBUTION OF THE FLORA IN THE ALPINE ZONE.1}},
    year = {1912},
    journal = {New Phytologist},
    author = {Jaccard, Paul},
    number = {2},
    month = {1},
    pages = {37--50},
    volume = {11},
    publisher = {Wiley-Blackwell},
    doi = {10.1111/j.1469-8137.1912.tb05611.x},
    issn = {0028-646X}
}

@article{Capozza1989TheGrowth,
    title = {{The fundamentals of land prices and urban growth}},
    year = {1989},
    journal = {Journal of Urban Economics},
    author = {Capozza, Dennis R and Helsley, Robert W},
    number = {3},
    month = {1},
    pages = {295--306},
    volume = {26},
    publisher = {Elsevier BV},
    doi = {10.1016/0094-1190(89)90003-x},
    issn = {0094-1190}
}

@article{2015THEANALYSIS,
    title = {{THE FUTURE OF SMART CITIES: CYBER-PHYSICAL INFRASTRUCTURE RISK NATIONAL PROTECTION AND PROGRAMS DIRECTORATE OFFICE OF CYBER AND INFRASTRUCTURE ANALYSIS}},
    year = {2015},
    url = {https://ics-cert.us-cert.gov/sites/default/files/documents/OCIA%20-%20The%20Future%20of%20Smart%20Cities%20-%20Cyber-Physical%20Infrastructure%20Risk.pdf}
}

@article{Hilber2016TheInvestments,
    title = {{The Housing Market Impacts of Banning Second Home Investments * The Housing Market Impacts of Banning Second Home Investments}},
    year = {2016},
    journal = {Preliminary and incomplete},
    author = {Hilber, Christian A L and Sch{\"{o}}ni, Olivier and Ahlfeldt, Gabriel and Clapp, John and Gibbons, Steve and Melly, Blaise and Overman, Henry and Qin, Yu and Sanchez, Maria and Hilber, Christian},
    url = {http://www.ieb.ub.edu/files/PapersWSUE2016/WSUE2016_Hilber.pdf},
    institution = {London School of Economics},
    keywords = {homeownership, house prices, land use regulation, property investments, second homes}
}

@article{Csardi2006TheResearch,
    title = {{The igraph software package for complex network research}},
    year = {2006},
    journal = {InterJournal},
    author = {Csardi, Gabor and Nepusz, Tamas},
    pages = {1695},
    volume = {Complex Sy},
    url = {http://igraph.org}
}

@article{Csardi2006TheResearchb,
    title = {{The igraph software package for complex network research}},
    year = {2006},
    journal = {InterJournal},
    author = {Csardi, Gabor and Nepusz, Tamas},
    pages = {1695 - 1695},
    volume = {Complex Sy},
    url = {http://igraph.org}
}

@article{Csardi2006TheResearchc,
    title = {{The igraph software package for complex network research}},
    year = {2006},
    journal = {InterJourna},
    author = {Cs{\'{a}}rdi, Gábor and Nepusz, Tamás},
    pages = {1695},
    volume = {Complex systems},
    url = {http://www.necsi.edu/events/iccs6/papers/c1602a3c126ba822d0bc4293371c.pdf}
}

@article{Wallace2005TheReview,
    title = {{The Impact of Empty, Second and Holiday Homes on the Sustainability of Rural Communities : A Systematic Literature Review}},
    year = {2005},
    author = {Wallace, Alison and Bevan, Mark and Croucher, Karen and Jackson, Karen and O 'malley, Lisa and Orton, Vickie},
    pages = {35--46},
    url = {http://citeseerx.ist.psu.edu/viewdoc/download?doi=10.1.1.364.3813&rep=rep1&type=pdf},
    isbn = {1874797560 9781874797562}
}

@article{Hilber2016TheEngland,
    title = {{The Impact of Supply Constraints on House Prices in England}},
    year = {2016},
    journal = {The Economic Journal},
    author = {Hilber, Christian A. L. and Vermeulen, Wouter},
    number = {591},
    month = {3},
    pages = {358--405},
    volume = {126},
    url = {http://doi.wiley.com/10.1111/ecoj.12213},
    doi = {10.1111/ecoj.12213},
    issn = {00130133}
}

@article{Koc2014TheModel,
    title = {{The impact of the topology on cascading failures in a power grid model}},
    year = {2014},
    journal = {Physica A: Statistical Mechanics and its Applications},
    author = {Ko{\c{c}}, Yakup and Warnier, Martijn and Mieghem, Piet Van and Kooij, Robert E. and Brazier, Frances M.T.},
    doi = {10.1016/j.physa.2014.01.056},
    issn = {03784371},
    arxivId = {arXiv:1401.4473v1},
    keywords = {Cascading failures, Complex networks, Effective graph resistance, Power grid, Robustness, Topology}
}

@article{Malpezzi2001TheKingdom,
    title = {{The long-run price elasticity of supply of new residential construction in the United States and the United Kingdom}},
    year = {2001},
    journal = {Journal of Housing Economics},
    author = {Malpezzi, Stephen and Maclennan, Duncan},
    number = {3},
    month = {1},
    pages = {278--306},
    volume = {10},
    publisher = {Elsevier BV},
    doi = {10.1006/jhec.2001.0288},
    issn = {1051-1377}
}

@misc{Ward2017TheBloomberg,
    title = {{The Only Solution to Britain’s Housing Crisis May Be a Crash - Bloomberg}},
    year = {2017},
    booktitle = {Bloomberg},
    author = {Ward, Jill},
    url = {https://www.bloomberg.com/news/articles/2017-04-10/the-only-solution-to-britain-s-housing-crisis-may-be-a-crash}
}

@article{Lopes2016TheStudy,
    title = {{The potential of energy behaviours in a smart(er) grid: Policy implications from a Portuguese exploratory study}},
    year = {2016},
    journal = {Energy Policy},
    author = {Lopes, Marta A R and Antunes, Carlos Henggeler and Janda, Kathryn B and Peixoto, Paulo and Martins, Nelson},
    month = {1},
    pages = {233--245},
    volume = {90},
    publisher = {Elsevier BV},
    doi = {10.1016/j.enpol.2015.12.014},
    issn = {0301-4215}
}

@article{Pagani2013TheSurvey,
    title = {{The Power Grid as a complex network: A survey}},
    year = {2013},
    journal = {Physica A},
    author = {Pagani, Giuliano Andrea and Aiello, Marco},
    pages = {2688--2700},
    volume = {392},
    url = {www.elsevier.com/locate/physa},
    doi = {10.1016/j.physa.2013.01.023},
    keywords = {Complex Network Analysis, Graph theory, Infrastructure reliability, Power Grid}
}

@techreport{Scanlon2017TheLondon,
    title = {{The role of overseas investors in the London new-build residential market Final report for Homes for London}},
    year = {2017},
    author = {Scanlon, Kath and Whitehead, Christine and Blanc, Fanny and Moreno-Tabarez, Ulises},
    url = {https://www.london.gov.uk/moderngovmb/documents/s58640/08b2b%20LSE%20Overseas%20Investment%20report.pdf},
    institution = {LSE},
    address = {London}
}

@article{Malpezzi2005TheCycles,
    title = {{The role of speculation in real estate cycles}},
    year = {2005},
    journal = {Journal of Real Estate Literature},
    author = {Malpezzi, Stephen and Wachter, Susan},
    doi = {10.2139/ssrn.2585241},
    issn = {09277544}
}

@article{Gallent2014TheCommunities,
    title = {{The Social Value of Second Homes in Rural Communities}},
    year = {2014},
    journal = {Housing, Theory and Society},
    author = {Gallent, Nick},
    number = {2},
    month = {4},
    pages = {174--191},
    volume = {31},
    publisher = {Routledge},
    url = {http://www.tandfonline.com/doi/abs/10.1080/14036096.2013.830986},
    doi = {10.1080/14036096.2013.830986},
    issn = {1403-6096},
    keywords = {Bridging Social Capital, Rural Communities, Second Homes, Social Impact}
}

@misc{ThePartition,
    title = {{The stability of a graph partition}},
    url = {http://wwwf.imperial.ac.uk//Partition_Stability/}
}

@article{Delvenne2013TheDetection,
    title = {{The stability of a graph partition: A dynamics-based framework for community detection}},
    year = {2013},
    journal = {Modeling and Simulation in Science, Engineering and Technology},
    author = {Delvenne, Jean-Charles and Schaub, Michael T and Yaliraki, Sophia N and Barahona, Mauricio},
    pages = {221--242},
    publisher = {Springer Science + Business Media},
    isbn = {9781461467281},
    doi = {10.1007/978-1-4614-6729-8{\_}11},
    issn = {2164-3679}
}

@article{Meen2002TheDivide,
    title = {{The time-series behavior of house prices: A transatlantic divide?}},
    year = {2002},
    journal = {Journal of Housing Economics},
    author = {Meen, Geoffrey},
    number = {1},
    month = {1},
    pages = {1--23},
    volume = {11},
    publisher = {Elsevier BV},
    doi = {10.1006/jhec.2001.0307},
    issn = {1051-1377}
}

@article{Meen2002The,
    title = {{The time-series behavior of house prices: A transatlantic divide? ☆}},
    year = {2002},
    journal = {Journal of Housing Economics},
    author = {Meen, Geoffrey},
    number = {1},
    month = {1},
    pages = {1--23},
    volume = {11},
    publisher = {Academic Press},
    url = {http://www.sciencedirect.com/science/article/pii/S1051137701903079},
    doi = {10.1006/jhec.2001.0307},
    issn = {1051-1377}
}

@inproceedings{Hines2010TheGrids,
    title = {{The topological and electrical structure of power grids}},
    year = {2010},
    booktitle = {Proceedings of the Annual Hawaii International Conference on System Sciences},
    author = {Hines, P. and Blumsack, S. and Sanchez, E. Cotilla and Barrows, C.},
    isbn = {9780769538693},
    doi = {10.1109/HICSS.2010.398},
    issn = {15301605}
}

@article{Kelly2015TheHomes.,
    title = {{The UK-DALE dataset, domestic appliance-level electricity demand and whole-house demand from five UK homes.}},
    year = {2015},
    journal = {Scientific data},
    author = {Kelly, Jack and Knottenbelt, William},
    pages = {150007},
    volume = {2},
    url = {http://arxiv.org/abs/1404.0284},
    doi = {10.1038/sdata.2015.7},
    issn = {2052-4463},
    pmid = {25984347},
    arxivId = {1404.0284}
}

@article{Luttik2000TheNetherlands,
    title = {{The value of trees, water and open space as reflected by house prices in the Netherlands}},
    year = {2000},
    journal = {Landscape and Urban Planning},
    author = {Luttik, Joke},
    number = {3-4},
    month = {1},
    pages = {161--167},
    volume = {48},
    publisher = {Elsevier BV},
    doi = {10.1016/s0169-2046(00)00039-6},
    issn = {0169-2046}
}

@article{Aalbers2017TheHousing,
    title = {{The variegated financialization of housing}},
    year = {2017},
    journal = {International Journal of Urban and Regional Research},
    author = {Aalbers, Manuel B.}
}

@techreport{KinghtFrankResearech2017TheFrank,
    title = {{The Wealth Report 2017 | Knight Frank}},
    year = {2017},
    author = {{Kinght Frank Researech}},
    url = {http://www.knightfrank.com/wealthreport},
    institution = {Knight Frank}
}

@inproceedings{Bengtsson2003TheCode,
    title = {{The {\{}R.oo{\}} package - Object-Oriented Programming with References Using Standard {\{}R{\}} Code}},
    year = {2003},
    booktitle = {Proceedings of the 3rd International Workshop on Distributed Statistical Computing (DSC 2003)},
    author = {Bengtsson, Henrik},
    editor = {Hornik, Kurt and Leisch, Friedrich and Zeileis, Achim},
    month = {3},
    url = {http://www.r-project.org/conferences/DSC-2003/Proceedings/Bengtsson.pdf},
    howpublished = {http://www.r-project.org/conferences/DSC-2003/Proceedings/},
    address = {Vienna, Austria},
    issn = {1609-395X}
}

@inproceedings{Bengtsson2003TheCodeb,
    title = {{The {\{}R.oo{\}} package - Object-Oriented Programming with References Using Standard {\{}R{\}} Code}},
    year = {2003},
    booktitle = {Proceedings of the 3rd International Workshop on Distributed Statistical Computing (DSC 2003)},
    author = {Bengtsson, Henrik},
    editor = {Hornik, Kurt and Leisch, Friedrich and Zeileis, Achim},
    month = {3},
    url = {http://www.r-project.org/conferences/DSC-2003/Proceedings/Bengtsson.pdf},
    howpublished = {http://www.r-project.org/conferences/DSC-2003/Proceedings/},
    address = {Vienna, Austria},
    issn = {1609-395X}
}

@misc{Steel2017ThereIndependent,
    title = {{There is a solution to the housing crisis – peg British house prices to the cost of a chicken | The Independent}},
    year = {2017},
    booktitle = {Independent},
    author = {Steel, Mark},
    month = {2},
    url = {http://www.independent.co.uk/voices/house-prices-housing-crisis-london-peg-to-cost-of-chickens-mark-steel-a7596271.html}
}

@article{Wickham2014TidyData,
    title = {{Tidy data}},
    year = {2014},
    journal = {Journal of Statistical Software},
    author = {Wickham, Hadley},
    number = {10},
    volume = {59},
    publisher = {Foundation for Open Access Statistic},
    doi = {10.18637/jss.v059.i10},
    issn = {1548-7660}
}

@misc{Wickham2016Tidyr:Functions,
    title = {{tidyr: Easily Tidy Data with `spread()` and `gather()` Functions}},
    year = {2016},
    author = {Wickham, Hadley},
    url = {https://cran.r-project.org/package=tidyr}
}

@article{Wickham2016Tidyr:Functionsb,
    title = {{tidyr: Easily Tidy Data with `spread()` and `gather()` Functions}},
    year = {2016},
    author = {Wickham, Hadley},
    url = {https://cran.r-project.org/package=tidyr}
}

@article{Lambiotte2008Title:Networks,
    title = {{Title: Laplacian dynamics and Multiscale modular structure in networks}},
    year = {2008},
    author = {Lambiotte, R and Delvenne, J - C and Barahona, M},
    month = {1},
    url = {http://arxiv.org/abs/0812.1770},
    doi = {10.1109/TNSE.2015.2391998}
}

@article{Rosas-Casals2007TOPOLOGICALATTACKS,
    title = {{TOPOLOGICAL VULNERABILITY OF THE EUROPEAN POWER GRID UNDER ERRORS AND ATTACKS}},
    year = {2007},
    journal = {International Journal of Bifurcation and Chaos},
    author = {Rosas-Casals, Mar I and Valverde, Sergi and So, Ricard V},
    number = {7},
    pages = {2465--2475},
    volume = {17},
    url = {http://www.worldscientific.com/doi/pdf/10.1142/S0218127407018531},
    keywords = {Complex networks, fragility, power grid, small world}
}

@article{Pepyne2007TopologyGrids,
    title = {{Topology and cascading line outages in power grids}},
    year = {2007},
    journal = {Journal of Systems Science and Systems Engineering},
    author = {Pepyne, David L.},
    number = {2},
    month = {6},
    pages = {202--221},
    volume = {16},
    publisher = {Systems Engineering Society of China},
    url = {http://link.springer.com/10.1007/s11518-007-5044-8},
    doi = {10.1007/s11518-007-5044-8},
    issn = {1004-3756}
}

@article{Pagani2011TowardsGrids,
    title = {{Towards Decentralization: A Topological Investigation of the Medium and Low Voltage Grids}},
    year = {2011},
    journal = {IEEE Transactions on Smart Grid},
    author = {Pagani, Giuliano Andrea and Aiello, Marco},
    number = {3},
    month = {9},
    pages = {538--547},
    volume = {2},
    url = {http://ieeexplore.ieee.org/document/5783965/},
    doi = {10.1109/TSG.2011.2147810},
    issn = {1949-3053}
}

@article{Greene2010TrackingNetworks,
    title = {{Tracking the evolution of communities in dynamic social networks}},
    year = {2010},
    journal = {2010 International Conference on Advances in Social Networks Analysis and Mining},
    author = {Greene, Derek and Doyle, Dónal and Cunningham, Pádraig},
    month = {1},
    publisher = {Institute of Electrical {\&} Electronics Engineers (IEEE)},
    isbn = {9781424477876},
    doi = {10.1109/asonam.2010.17}
}

@article{Greene2010TrackingNetworksb,
    title = {{Tracking the evolution of communities in dynamic social networks}},
    year = {2010},
    journal = {2010 International Conference on Advances in Social Networks Analysis and Mining},
    author = {Greene, Derek and Doyle, Dónal and Cunningham, Pádraig},
    month = {1},
    publisher = {Institute of Electrical {\&} Electronics Engineers (IEEE)},
    isbn = {9781424477876},
    doi = {10.1109/asonam.2010.17}
}

@article{Tajeuna2015TrackingNetworks,
    title = {{Tracking the evolution of community structures in time-evolving social networks}},
    year = {2015},
    journal = {2015 IEEE International Conference on Data Science and Advanced Analytics (DSAA)},
    author = {Tajeuna, Etienne Gael and Bouguessa, Mohamed and Wang, Shengrui},
    month = {1},
    publisher = {Institute of Electrical {\&} Electronics Engineers (IEEE)},
    isbn = {9781467382724},
    doi = {10.1109/dsaa.2015.7344876}
}

@article{Lee2017TransferData,
    title = {{Transfer Learning for Deep Learning on Graph-Structured Data}},
    year = {2017},
    journal = {Proceedings of the 31th Conference on Artificial Intelligence (AAAI 2017)},
    author = {Lee, Jaekoo and Kim, Hyunjae and Lee, Jongsun and Yoon, Sungroh},
    arxivId = {arXiv:1611.04687v1},
    keywords = {Machine Learning Methods}
}

@misc{Bhavaraju1992TRELSS:Systems,
    title = {{TRELSS: A computer program for transmission reliability evaluation of large-scale systems}},
    year = {1992},
    author = {Bhavaraju, M.P. and Nour, N.E. (Public Service Electric and Gas Co., Newark, NJ (United States))},
    month = {5},
    url = {https://www.osti.gov/scitech/biblio/5175798},
    keywords = {-- mathematics {\&} computers, computer codes, electric power, general and miscellaneous//mathematics, computing, and information science, load management, management, operation, outages, power 240100*  -- power systems-- (1990-), power systems, power transmission, power transmission and distribution, probabilistic estimation, probability, reliability, t codes}
}

@misc{BBC2017TwoNews,
    title = {{Two more second homes bans agreed in Cornwall - BBC News}},
    year = {2017},
    booktitle = {BBC News},
    author = {{BBC}},
    url = {http://www.bbc.com/news/uk-england-cornwall-39823453}
}

@techreport{Holzhey2016UBSIndex,
    title = {{UBS Global Real Estate Bubble Index}},
    year = {2016},
    author = {Holzhey, Matthias and {Skoczek Maciej}},
    url = {http://www.businessimmo.com/system/datas/89212/original/bubbleindex-2016.pdf},
    institution = {UBS Switzerland AG}
}

@misc{Jones2017UKExpress.co.uk,
    title = {{UK housing crisis: Government willing to admit market is {\&}quot;broken{\&}quot; | Personal Finance | Finance | Express.co.uk}},
    year = {2017},
    booktitle = {Express},
    author = {Jones, Harvey},
    month = {2},
    url = {http://www.express.co.uk/finance/personalfinance/766215/government-willing-admit-UK-housing-market-broken}
}

@techreport{2017UKOverview,
    title = {{UK plan for tackling roadside nitrogen dioxide concentrations: An overview}},
    year = {2017},
    url = {www.nationalarchives.gov.uk/doc/open-government-licence/version/3/ www.nationalarchives.gov.uk/doc/open-government-licence/version/3/ www.nationalarchives.gov.uk/doc/open-government-licence/version/3/},
    institution = {Department for Environment, Food {\&} Rural Affairs}
}

@article{Whitehead2015UnderstandingStudy,
    title = {{Understanding the Local Impact of New Residential Development: a Pilot Study}},
    year = {2015},
    author = {Whitehead, Christine and Sagor, Emma and Edge, Ann and Walker, Bruce},
    url = {http://lselondonhousing.org/wp-content/uploads/2015/06/Barratt-Final-Report_17.4.pdf}
}

@article{Faruqui2010UnlockingInvestment,
    title = {{Unlocking the €53 billion savings from smart meters in the EU: How increasing the adoption of dynamic tariffs could make or break the EU's smart grid investment}},
    year = {2010},
    journal = {Energy Policy},
    author = {Faruqui, Ahmad and Harris, Dan and Hledik, Ryan},
    number = {10},
    month = {1},
    pages = {6222--6231},
    volume = {38},
    publisher = {Elsevier BV},
    doi = {10.1016/j.enpol.2010.06.010},
    issn = {0301-4215}
}

@misc{CITYOFVANCOUVERBRITISHCOLUMBIA2017VACANCY11674,
    title = {{VACANCY TAX BY-LAW NO. 11674}},
    year = {2017},
    author = {{CITY OF VANCOUVER BRITISH COLUMBIA}},
    publisher = {City of Vancouver},
    address = {Vancouver}
}

@article{Kerracher2015VisualData,
    title = {{Visual techniques to support exploratory analysis of temporal graph data}},
    year = {2015},
    author = {Kerracher, Natalie and kennedy, Jessie and {kevin Chalmers} and Graham, Martin},
    month = {1},
    publisher = {ResearchGate},
    url = {https://www.researchgate.net/publication/280069427_Visual_Techniques_to_Support_Exploratory_Analysis_of_Temporal_Graph_Data},
    doi = {http//dx..org/10.2312/eurovisshort.20151133}
}

@article{VanDerMaaten2008VisualizingT-sne,
    title = {{Visualizing high-dimensional data using t-sne}},
    year = {2008},
    journal = {Journal of Machine Learning Research},
    author = {Van Der Maaten, L J P and Hinton, G E},
    isbn = {1532-4435},
    doi = {10.1007/s10479-011-0841-3},
    issn = {1532-4435},
    pmid = {20652508},
    arxivId = {1307.1662},
    keywords = {dimensionality reduction, embedding algorithms, manifold learning, multidimensional scaling, visualization}
}

@article{Vehlow2014VisualizingGraphs,
    title = {{Visualizing the evolution of communities in dynamic graphs}},
    year = {2014},
    journal = {Computer Graphics Forum},
    author = {Vehlow, C and Beck, F and Auw{\"{a}}rter, P and Weiskopf, D},
    number = {1},
    month = {1},
    pages = {277--288},
    volume = {34},
    publisher = {Wiley-Blackwell},
    doi = {10.1111/cgf.12512},
    issn = {0167-7055}
}

@article{Simpson-Porco2016VoltageGrids,
    title = {{Voltage collapse in complex power grids}},
    year = {2016},
    journal = {Nature Communications},
    author = {Simpson-Porco, John W. and D{\"{o}}rfler, Florian and Bullo, Francesco},
    isbn = {2041-1723 (Electronic) 2041-1723 (Linking)},
    doi = {10.1038/ncomms10790},
    issn = {2041-1723},
    pmid = {26887284}
}

@article{YangVulnerabilityCascades,
    title = {{Vulnerability and Cosusceptibility Determine the Size of Network Cascades}},
    author = {Yang, Yang and Nishikawa, Takashi and Motter, Adilson E},
    doi = {10.1103/PhysRevLett.118.048301}
}

@techreport{Falliere2011W32.StuxnetDossier,
    title = {{W32.Stuxnet Dossier}},
    year = {2011},
    author = {Falliere, Nicolas and Murchu, Liam O and Chien, Eric},
    url = {http://www.symantec.com/content/en/us/enterprise/media/security_response/whitepapers/w32_stuxnet_dossier.pdf},
    institution = {Symantec}
}

@misc{WhatWork,
    title = {{What is a smart meter? How does a smart meter work?}},
    url = {https://www.smartenergygb.org/en/about-smart-meters/what-is-a-smart-meter?gclid=CIvV8_aB884CFQdAGwodpEQIag}
}

@misc{2016WhatAct,
    title = {{What is the Freedom of Information Act?}},
    year = {2016},
    publisher = {Information Commissioner's Office},
    url = {https://ico.org.uk/for-organisations/guide-to-freedom-of-information/what-is-the-foi-act/}
}

@article{CherepanovWIN32/INDUSTROYERSystems,
    title = {{WIN32/INDUSTROYER A new threat for industrial control systems}},
    author = {Cherepanov, Anton},
    url = {https://cdn1-prodint.esetstatic.com/ESET/INT/Landing/2017/black-hat/WIN32_Industroyer-USLetter-WEB.pdf}
}

@article{Pearson1900X.Sampling,
    title = {{X. On the criterion that a given system of deviations from the probable in the case of a correlated system of variables is such that it can be reasonably supposed to have arisen from random sampling}},
    year = {1900},
    journal = {Philosophical Magazine Series 5},
    author = {Pearson, Karl},
    number = {302},
    month = {1},
    pages = {157--175},
    volume = {50},
    publisher = {Informa UK},
    doi = {10.1080/14786440009463897},
    issn = {1941-5982}
}

@article{Chen2016XGBoost,
    title = {{XGBoost}},
    year = {2016},
    journal = {Proceedings of the 22nd ACM SIGKDD International Conference on Knowledge Discovery and Data Mining - KDD '16},
    author = {Chen, Tianqi and Guestrin, Carlos},
    publisher = {Association for Computing Machinery (ACM)},
    isbn = {9781450342322},
    doi = {10.1145/2939672.2939785}
}

@misc{Chen2016Xgboost:Boosting,
    title = {{xgboost: Extreme Gradient Boosting}},
    year = {2016},
    author = {Chen, Tianqi and He, Tong and Benesty, Michael},
    url = {https://cran.r-project.org/package=xgboost}
}

@article{Chen2016Xgboost:Boostingb,
    title = {{xgboost: Extreme Gradient Boosting}},
    year = {2016},
    author = {Chen, Tianqi and He, Tong and Benesty, Michael},
    url = {https://cran.r-project.org/package=xgboost}
}

@misc{Dahl2016Xtable:HTML,
    title = {{xtable: Export Tables to LaTeX or HTML}},
    year = {2016},
    author = {Dahl, David B},
    url = {https://cran.r-project.org/package=xtable}
}

@article{Dahl2016Xtable:HTMLb,
    title = {{xtable: Export Tables to LaTeX or HTML}},
    year = {2016},
    author = {Dahl, David B},
    url = {https://cran.r-project.org/package=xtable}
}

@article{Zeileis2005Zoo:Series,
    title = {{zoo: S3 Infrastructure for Regular and Irregular Time Series}},
    year = {2005},
    journal = {Journal of Statistical Software},
    author = {Zeileis, Achim and Grothendieck, Gabor},
    number = {6},
    pages = {1--27},
    volume = {14},
    doi = {10.18637/jss.v014.i06}
}

@article{Zeileis2005Zoo:Seriesb,
    title = {{zoo: S3 Infrastructure for Regular and Irregular Time Series}},
    year = {2005},
    journal = {Journal of Statistical Software},
    author = {Zeileis, Achim and Grothendieck, Gabor},
    number = {6},
    pages = {1 - 27},
    volume = {14},
    doi = {10.18637/jss.v014.i06}
}

@misc{ARCHIVEDONS,
    title = {{[ARCHIVED CONTENT] Super Output Area (SOA) - ONS}},
    url = {http://webarchive.nationalarchives.gov.uk/20160106001702/http://www.ons.gov.uk/ons/guide-method/geography/beginner-s-guide/census/super-output-areas--soas-/index.html}
}

@article{Honaker2011AmeliaData,
    title = {{{\{}Amelia II{\}}: A Program for Missing Data}},
    year = {2011},
    journal = {Journal of Statistical Software},
    author = {Honaker, James and King, Gary and Blackwell, Matthew},
    number = {7},
    pages = {1--47},
    volume = {45},
    url = {http://www.jstatsoft.org/v45/i07/}
}

@article{Eddelbuettel2011Rcpp:Integration,
    title = {{{\{}Rcpp{\}}: Seamless {\{}R{\}} and {\{}C++{\}} Integration}},
    year = {2011},
    journal = {Journal of Statistical Software},
    author = {Eddelbuettel, Dirk and Fran{\c{c}}ois, Romain},
    number = {8},
    pages = {1--18},
    volume = {40},
    url = {http://www.jstatsoft.org/v40/i08/}
}